%YAML 1.1
%TAG !u! tag:unity3d.com,2011:
--- !u!29 &1
OcclusionCullingSettings:
  m_ObjectHideFlags: 0
  serializedVersion: 2
  m_OcclusionBakeSettings:
    smallestOccluder: 5
    smallestHole: 0.25
    backfaceThreshold: 100
  m_SceneGUID: 00000000000000000000000000000000
  m_OcclusionCullingData: {fileID: 0}
--- !u!104 &2
RenderSettings:
  m_ObjectHideFlags: 0
  serializedVersion: 9
  m_Fog: 0
  m_FogColor: {r: 0.5, g: 0.5, b: 0.5, a: 1}
  m_FogMode: 3
  m_FogDensity: 0.01
  m_LinearFogStart: 0
  m_LinearFogEnd: 300
  m_AmbientSkyColor: {r: 0.212, g: 0.227, b: 0.259, a: 1}
  m_AmbientEquatorColor: {r: 0.114, g: 0.125, b: 0.133, a: 1}
  m_AmbientGroundColor: {r: 0.047, g: 0.043, b: 0.035, a: 1}
  m_AmbientIntensity: 1
  m_AmbientMode: 0
  m_SubtractiveShadowColor: {r: 0.42, g: 0.478, b: 0.627, a: 1}
  m_SkyboxMaterial: {fileID: 10304, guid: 0000000000000000f000000000000000, type: 0}
  m_HaloStrength: 0.5
  m_FlareStrength: 1
  m_FlareFadeSpeed: 3
  m_HaloTexture: {fileID: 0}
  m_SpotCookie: {fileID: 10001, guid: 0000000000000000e000000000000000, type: 0}
  m_DefaultReflectionMode: 0
  m_DefaultReflectionResolution: 128
  m_ReflectionBounces: 1
  m_ReflectionIntensity: 1
  m_CustomReflection: {fileID: 0}
  m_Sun: {fileID: 705507994}
  m_IndirectSpecularColor: {r: 0, g: 0, b: 0, a: 1}
  m_UseRadianceAmbientProbe: 0
--- !u!157 &3
LightmapSettings:
  m_ObjectHideFlags: 0
  serializedVersion: 12
  m_GIWorkflowMode: 1
  m_GISettings:
    serializedVersion: 2
    m_BounceScale: 1
    m_IndirectOutputScale: 1
    m_AlbedoBoost: 1
    m_EnvironmentLightingMode: 0
    m_EnableBakedLightmaps: 1
    m_EnableRealtimeLightmaps: 0
  m_LightmapEditorSettings:
    serializedVersion: 12
    m_Resolution: 2
    m_BakeResolution: 40
    m_AtlasSize: 1024
    m_AO: 0
    m_AOMaxDistance: 1
    m_CompAOExponent: 1
    m_CompAOExponentDirect: 0
    m_ExtractAmbientOcclusion: 0
    m_Padding: 2
    m_LightmapParameters: {fileID: 0}
    m_LightmapsBakeMode: 1
    m_TextureCompression: 1
    m_FinalGather: 0
    m_FinalGatherFiltering: 1
    m_FinalGatherRayCount: 256
    m_ReflectionCompression: 2
    m_MixedBakeMode: 2
    m_BakeBackend: 1
    m_PVRSampling: 1
    m_PVRDirectSampleCount: 32
    m_PVRSampleCount: 500
    m_PVRBounces: 2
    m_PVREnvironmentSampleCount: 500
    m_PVREnvironmentReferencePointCount: 2048
    m_PVRFilteringMode: 2
    m_PVRDenoiserTypeDirect: 0
    m_PVRDenoiserTypeIndirect: 0
    m_PVRDenoiserTypeAO: 0
    m_PVRFilterTypeDirect: 0
    m_PVRFilterTypeIndirect: 0
    m_PVRFilterTypeAO: 0
    m_PVREnvironmentMIS: 0
    m_PVRCulling: 1
    m_PVRFilteringGaussRadiusDirect: 1
    m_PVRFilteringGaussRadiusIndirect: 5
    m_PVRFilteringGaussRadiusAO: 2
    m_PVRFilteringAtrousPositionSigmaDirect: 0.5
    m_PVRFilteringAtrousPositionSigmaIndirect: 2
    m_PVRFilteringAtrousPositionSigmaAO: 1
    m_ExportTrainingData: 0
    m_TrainingDataDestination: TrainingData
    m_LightProbeSampleCountMultiplier: 4
  m_LightingDataAsset: {fileID: 0}
  m_LightingSettings: {fileID: 4890085278179872738, guid: bcc0ce70ddd9bc84cbbf0aef741ad1a6, type: 2}
--- !u!196 &4
NavMeshSettings:
  serializedVersion: 2
  m_ObjectHideFlags: 0
  m_BuildSettings:
    serializedVersion: 2
    agentTypeID: 0
    agentRadius: 0.5
    agentHeight: 2
    agentSlope: 45
    agentClimb: 0.4
    ledgeDropHeight: 0
    maxJumpAcrossDistance: 0
    minRegionArea: 2
    manualCellSize: 0
    cellSize: 0.16666667
    manualTileSize: 0
    tileSize: 256
    accuratePlacement: 0
    maxJobWorkers: 0
    preserveTilesOutsideBounds: 0
    debug:
      m_Flags: 0
  m_NavMeshData: {fileID: 0}
--- !u!1 &5930551
GameObject:
  m_ObjectHideFlags: 0
  m_CorrespondingSourceObject: {fileID: 0}
  m_PrefabInstance: {fileID: 0}
  m_PrefabAsset: {fileID: 0}
  serializedVersion: 6
  m_Component:
  - component: {fileID: 5930552}
  - component: {fileID: 5930553}
  m_Layer: 8
  m_Name: Comments
  m_TagString: Untagged
  m_Icon: {fileID: 0}
  m_NavMeshLayer: 0
  m_StaticEditorFlags: 0
  m_IsActive: 1
--- !u!4 &5930552
Transform:
  m_ObjectHideFlags: 0
  m_CorrespondingSourceObject: {fileID: 0}
  m_PrefabInstance: {fileID: 0}
  m_PrefabAsset: {fileID: 0}
  m_GameObject: {fileID: 5930551}
  m_LocalRotation: {x: -0, y: -0, z: -0, w: 1}
  m_LocalPosition: {x: 0, y: 0, z: 0}
  m_LocalScale: {x: 1, y: 1, z: 1}
  m_Children: []
  m_Father: {fileID: 343287882}
  m_RootOrder: 8
  m_LocalEulerAnglesHint: {x: 0, y: 0, z: 0}
--- !u!114 &5930553
MonoBehaviour:
  m_ObjectHideFlags: 0
  m_CorrespondingSourceObject: {fileID: 0}
  m_PrefabInstance: {fileID: 0}
  m_PrefabAsset: {fileID: 0}
  m_GameObject: {fileID: 5930551}
  m_Enabled: 1
  m_EditorHideFlags: 0
  m_Script: {fileID: 11500000, guid: a582416e01fb08a4a89e736eb5983ca7, type: 3}
  m_Name: 
  m_EditorClassIdentifier: 
  Section: 9
--- !u!1 &16407827
GameObject:
  m_ObjectHideFlags: 0
  m_CorrespondingSourceObject: {fileID: 0}
  m_PrefabInstance: {fileID: 0}
  m_PrefabAsset: {fileID: 0}
  serializedVersion: 6
  m_Component:
  - component: {fileID: 16407828}
  - component: {fileID: 16407829}
  m_Layer: 8
  m_Name: Trim
  m_TagString: Untagged
  m_Icon: {fileID: 0}
  m_NavMeshLayer: 0
  m_StaticEditorFlags: 0
  m_IsActive: 1
--- !u!4 &16407828
Transform:
  m_ObjectHideFlags: 0
  m_CorrespondingSourceObject: {fileID: 0}
  m_PrefabInstance: {fileID: 0}
  m_PrefabAsset: {fileID: 0}
  m_GameObject: {fileID: 16407827}
  m_LocalRotation: {x: -0, y: -0, z: -0, w: 1}
  m_LocalPosition: {x: 0, y: 0, z: 0}
  m_LocalScale: {x: 1, y: 1, z: 1}
  m_Children: []
  m_Father: {fileID: 343287882}
  m_RootOrder: 2
  m_LocalEulerAnglesHint: {x: 0, y: 0, z: 0}
--- !u!114 &16407829
MonoBehaviour:
  m_ObjectHideFlags: 0
  m_CorrespondingSourceObject: {fileID: 0}
  m_PrefabInstance: {fileID: 0}
  m_PrefabAsset: {fileID: 0}
  m_GameObject: {fileID: 16407827}
  m_Enabled: 1
  m_EditorHideFlags: 0
  m_Script: {fileID: 11500000, guid: a582416e01fb08a4a89e736eb5983ca7, type: 3}
  m_Name: 
  m_EditorClassIdentifier: 
  Section: 3
--- !u!1 &101200762
GameObject:
  m_ObjectHideFlags: 0
  m_CorrespondingSourceObject: {fileID: 0}
  m_PrefabInstance: {fileID: 0}
  m_PrefabAsset: {fileID: 0}
  serializedVersion: 6
  m_Component:
  - component: {fileID: 101200763}
  - component: {fileID: 101200764}
  m_Layer: 8
  m_Name: Foliage
  m_TagString: Untagged
  m_Icon: {fileID: 0}
  m_NavMeshLayer: 0
  m_StaticEditorFlags: 0
  m_IsActive: 1
--- !u!4 &101200763
Transform:
  m_ObjectHideFlags: 0
  m_CorrespondingSourceObject: {fileID: 0}
  m_PrefabInstance: {fileID: 0}
  m_PrefabAsset: {fileID: 0}
  m_GameObject: {fileID: 101200762}
  m_LocalRotation: {x: -0, y: -0, z: -0, w: 1}
  m_LocalPosition: {x: 0, y: 0, z: 0}
  m_LocalScale: {x: 1, y: 1, z: 1}
  m_Children: []
  m_Father: {fileID: 343287882}
  m_RootOrder: 4
  m_LocalEulerAnglesHint: {x: 0, y: 0, z: 0}
--- !u!114 &101200764
MonoBehaviour:
  m_ObjectHideFlags: 0
  m_CorrespondingSourceObject: {fileID: 0}
  m_PrefabInstance: {fileID: 0}
  m_PrefabAsset: {fileID: 0}
  m_GameObject: {fileID: 101200762}
  m_Enabled: 1
  m_EditorHideFlags: 0
  m_Script: {fileID: 11500000, guid: a582416e01fb08a4a89e736eb5983ca7, type: 3}
  m_Name: 
  m_EditorClassIdentifier: 
  Section: 5
--- !u!1 &130894309
GameObject:
  m_ObjectHideFlags: 0
  m_CorrespondingSourceObject: {fileID: 0}
  m_PrefabInstance: {fileID: 0}
  m_PrefabAsset: {fileID: 0}
  serializedVersion: 6
  m_Component:
  - component: {fileID: 130894311}
  - component: {fileID: 130894310}
  m_Layer: 0
  m_Name: Point Light (4)
  m_TagString: Untagged
  m_Icon: {fileID: 0}
  m_NavMeshLayer: 0
  m_StaticEditorFlags: 0
  m_IsActive: 1
--- !u!108 &130894310
Light:
  m_ObjectHideFlags: 0
  m_CorrespondingSourceObject: {fileID: 0}
  m_PrefabInstance: {fileID: 0}
  m_PrefabAsset: {fileID: 0}
  m_GameObject: {fileID: 130894309}
  m_Enabled: 1
  serializedVersion: 10
  m_Type: 0
  m_Shape: 0
  m_Color: {r: 1, g: 1, b: 1, a: 1}
  m_Intensity: 3.5
  m_Range: 29.08
  m_SpotAngle: 80.68336
  m_InnerSpotAngle: 21.80208
  m_CookieSize: 10
  m_Shadows:
    m_Type: 0
    m_Resolution: -1
    m_CustomResolution: -1
    m_Strength: 1
    m_Bias: 0.05
    m_NormalBias: 0.4
    m_NearPlane: 0.2
    m_CullingMatrixOverride:
      e00: 1
      e01: 0
      e02: 0
      e03: 0
      e10: 0
      e11: 1
      e12: 0
      e13: 0
      e20: 0
      e21: 0
      e22: 1
      e23: 0
      e30: 0
      e31: 0
      e32: 0
      e33: 1
    m_UseCullingMatrixOverride: 0
  m_Cookie: {fileID: 0}
  m_DrawHalo: 0
  m_Flare: {fileID: 0}
  m_RenderMode: 0
  m_CullingMask:
    serializedVersion: 2
    m_Bits: 4294967295
  m_RenderingLayerMask: 1
  m_Lightmapping: 4
  m_LightShadowCasterMode: 0
  m_AreaSize: {x: 1, y: 1}
  m_BounceIntensity: 1
  m_ColorTemperature: 6570
  m_UseColorTemperature: 0
  m_BoundingSphereOverride: {x: 0, y: 0, z: 0, w: 0}
  m_UseBoundingSphereOverride: 0
  m_ShadowRadius: 0
  m_ShadowAngle: 0
--- !u!4 &130894311
Transform:
  m_ObjectHideFlags: 0
  m_CorrespondingSourceObject: {fileID: 0}
  m_PrefabInstance: {fileID: 0}
  m_PrefabAsset: {fileID: 0}
  m_GameObject: {fileID: 130894309}
  m_LocalRotation: {x: 0.6561507, y: -0.26356408, z: -0.26356384, w: 0.65615124}
  m_LocalPosition: {x: -14.96, y: 28.14, z: -14.96}
  m_LocalScale: {x: 1, y: 1, z: 1}
  m_Children: []
  m_Father: {fileID: 0}
  m_RootOrder: 11
  m_LocalEulerAnglesHint: {x: 133.769, y: 90, z: 90}
--- !u!1001 &339788780
PrefabInstance:
  m_ObjectHideFlags: 0
  serializedVersion: 2
  m_Modification:
    m_TransformParent: {fileID: 0}
    m_Modifications:
    - target: {fileID: -8679921383154817045, guid: f45af5d9212096c46b925caa284aee49, type: 3}
      propertyPath: m_LocalPosition.x
      value: 2.77
      objectReference: {fileID: 0}
    - target: {fileID: -8679921383154817045, guid: f45af5d9212096c46b925caa284aee49, type: 3}
      propertyPath: m_LocalPosition.y
      value: 4.42
      objectReference: {fileID: 0}
    - target: {fileID: -8679921383154817045, guid: f45af5d9212096c46b925caa284aee49, type: 3}
      propertyPath: m_LocalPosition.z
      value: -6.38
      objectReference: {fileID: 0}
    - target: {fileID: -8679921383154817045, guid: f45af5d9212096c46b925caa284aee49, type: 3}
      propertyPath: m_LocalRotation.x
      value: 0
      objectReference: {fileID: 0}
    - target: {fileID: -8679921383154817045, guid: f45af5d9212096c46b925caa284aee49, type: 3}
      propertyPath: m_LocalRotation.y
      value: 0
      objectReference: {fileID: 0}
    - target: {fileID: -8679921383154817045, guid: f45af5d9212096c46b925caa284aee49, type: 3}
      propertyPath: m_LocalRotation.z
      value: 0
      objectReference: {fileID: 0}
    - target: {fileID: -8679921383154817045, guid: f45af5d9212096c46b925caa284aee49, type: 3}
      propertyPath: m_LocalRotation.w
      value: 1
      objectReference: {fileID: 0}
    - target: {fileID: -8679921383154817045, guid: f45af5d9212096c46b925caa284aee49, type: 3}
      propertyPath: m_RootOrder
      value: 1
      objectReference: {fileID: 0}
    - target: {fileID: -8679921383154817045, guid: f45af5d9212096c46b925caa284aee49, type: 3}
      propertyPath: m_LocalEulerAnglesHint.x
      value: 0
      objectReference: {fileID: 0}
    - target: {fileID: -8679921383154817045, guid: f45af5d9212096c46b925caa284aee49, type: 3}
      propertyPath: m_LocalEulerAnglesHint.y
      value: 0
      objectReference: {fileID: 0}
    - target: {fileID: -8679921383154817045, guid: f45af5d9212096c46b925caa284aee49, type: 3}
      propertyPath: m_LocalEulerAnglesHint.z
      value: 0
      objectReference: {fileID: 0}
    - target: {fileID: 919132149155446097, guid: f45af5d9212096c46b925caa284aee49, type: 3}
      propertyPath: m_Name
      value: Enemy
      objectReference: {fileID: 0}
    - target: {fileID: 5822821947120931875, guid: f45af5d9212096c46b925caa284aee49, type: 3}
      propertyPath: m_Materials.Array.data[0]
      value: 
      objectReference: {fileID: 2100000, guid: 4eb28a378c99fa9419676a8afa8fe090, type: 2}
    - target: {fileID: 5866666021909216657, guid: f45af5d9212096c46b925caa284aee49, type: 3}
      propertyPath: m_Controller
      value: 
      objectReference: {fileID: 9100000, guid: 5374366b78a1bf24c9783b1d7d03e1e7, type: 2}
    m_RemovedComponents: []
  m_SourcePrefab: {fileID: 100100000, guid: f45af5d9212096c46b925caa284aee49, type: 3}
--- !u!1 &343287878
GameObject:
  m_ObjectHideFlags: 0
  m_CorrespondingSourceObject: {fileID: 0}
  m_PrefabInstance: {fileID: 0}
  m_PrefabAsset: {fileID: 0}
  serializedVersion: 6
  m_Component:
  - component: {fileID: 343287882}
  - component: {fileID: 343287881}
  - component: {fileID: 343287880}
  - component: {fileID: 343287879}
  m_Layer: 8
  m_Name: Blockout
  m_TagString: Untagged
  m_Icon: {fileID: 0}
  m_NavMeshLayer: 0
  m_StaticEditorFlags: 0
  m_IsActive: 1
--- !u!114 &343287879
MonoBehaviour:
  m_ObjectHideFlags: 0
  m_CorrespondingSourceObject: {fileID: 0}
  m_PrefabInstance: {fileID: 0}
  m_PrefabAsset: {fileID: 0}
  m_GameObject: {fileID: 343287878}
  m_Enabled: 1
  m_EditorHideFlags: 0
  m_Script: {fileID: 11500000, guid: a582416e01fb08a4a89e736eb5983ca7, type: 3}
  m_Name: 
  m_EditorClassIdentifier: 
  Section: 0
--- !u!114 &343287880
MonoBehaviour:
  m_ObjectHideFlags: 0
  m_CorrespondingSourceObject: {fileID: 0}
  m_PrefabInstance: {fileID: 0}
  m_PrefabAsset: {fileID: 0}
  m_GameObject: {fileID: 343287878}
  m_Enabled: 1
  m_EditorHideFlags: 0
  m_Script: {fileID: 11500000, guid: 59e8b0fb17e0b4ef29707edf7b583af8, type: 3}
  m_Name: 
  m_EditorClassIdentifier: 
  generalNotes: 
  toDoNotes: 
  otherNotes: 
--- !u!114 &343287881
MonoBehaviour:
  m_ObjectHideFlags: 0
  m_CorrespondingSourceObject: {fileID: 0}
  m_PrefabInstance: {fileID: 0}
  m_PrefabAsset: {fileID: 0}
  m_GameObject: {fileID: 343287878}
  m_Enabled: 1
  m_EditorHideFlags: 0
  m_Script: {fileID: 11500000, guid: 28618329a47147c4d9e779df660b1aaa, type: 3}
  m_Name: 
  m_EditorClassIdentifier: 
  inGameToggle: 293
  pinGameToggle: 292
  areaGameToggle: 291
  intialVisabilityStateArea: 0
  intialVisabilityStatePin: 0
  textColor: {r: 1, g: 1, b: 1, a: 0.5}
  target: {fileID: 0}
  GlobalNotes: {fileID: 0}
--- !u!4 &343287882
Transform:
  m_ObjectHideFlags: 0
  m_CorrespondingSourceObject: {fileID: 0}
  m_PrefabInstance: {fileID: 0}
  m_PrefabAsset: {fileID: 0}
  m_GameObject: {fileID: 343287878}
  m_LocalRotation: {x: 0, y: 0, z: 0, w: 1}
  m_LocalPosition: {x: 0, y: 0, z: 0}
  m_LocalScale: {x: 1, y: 1, z: 1}
  m_Children:
  - {fileID: 2046876829}
  - {fileID: 1900314127}
  - {fileID: 16407828}
  - {fileID: 1848360062}
  - {fileID: 101200763}
  - {fileID: 384208333}
  - {fileID: 986544000}
  - {fileID: 1369449202}
  - {fileID: 5930552}
  m_Father: {fileID: 0}
  m_RootOrder: 2
  m_LocalEulerAnglesHint: {x: 0, y: 0, z: 0}
--- !u!1 &364377900
GameObject:
  m_ObjectHideFlags: 0
  m_CorrespondingSourceObject: {fileID: 0}
  m_PrefabInstance: {fileID: 0}
  m_PrefabAsset: {fileID: 0}
  serializedVersion: 6
  m_Component:
  - component: {fileID: 364377901}
  - component: {fileID: 364377905}
  - component: {fileID: 364377904}
  - component: {fileID: 364377903}
  - component: {fileID: 364377902}
  m_Layer: 8
  m_Name: Tri_Floor (Tri-Planar)
  m_TagString: Untagged
  m_Icon: {fileID: 0}
  m_NavMeshLayer: 0
  m_StaticEditorFlags: 0
  m_IsActive: 1
--- !u!4 &364377901
Transform:
  m_ObjectHideFlags: 0
  m_CorrespondingSourceObject: {fileID: 0}
  m_PrefabInstance: {fileID: 0}
  m_PrefabAsset: {fileID: 0}
  m_GameObject: {fileID: 364377900}
  m_LocalRotation: {x: -0.7071068, y: -0, z: -0, w: 0.7071068}
  m_LocalPosition: {x: -33.84, y: 10.25, z: -34.5}
  m_LocalScale: {x: 19.86885, y: 72.999985, z: 1.4999996}
  m_Children: []
  m_Father: {fileID: 2046876829}
  m_RootOrder: 0
  m_LocalEulerAnglesHint: {x: 0, y: 0, z: 0}
--- !u!114 &364377902
MonoBehaviour:
  m_ObjectHideFlags: 0
  m_CorrespondingSourceObject: {fileID: 0}
  m_PrefabInstance: {fileID: 0}
  m_PrefabAsset: {fileID: 0}
  m_GameObject: {fileID: 364377900}
  m_Enabled: 1
  m_EditorHideFlags: 0
  m_Script: {fileID: 11500000, guid: dab00a7ac6fdc984ebc7bf831015ca11, type: 3}
  m_Name: 
  m_EditorClassIdentifier: 
  initialBlockoutSection: 1
  ReapplyMaterialTheme: 1
  IsTriAsset: 1
--- !u!65 &364377903
BoxCollider:
  m_ObjectHideFlags: 0
  m_CorrespondingSourceObject: {fileID: 0}
  m_PrefabInstance: {fileID: 0}
  m_PrefabAsset: {fileID: 0}
  m_GameObject: {fileID: 364377900}
  m_Material: {fileID: 0}
  m_IsTrigger: 0
  m_Enabled: 1
  serializedVersion: 2
  m_Size: {x: 1.000001, y: 1.0000012, z: 0.25000006}
  m_Center: {x: 0.5000005, y: -0.5000006, z: -0.1250008}
--- !u!23 &364377904
MeshRenderer:
  m_ObjectHideFlags: 0
  m_CorrespondingSourceObject: {fileID: 0}
  m_PrefabInstance: {fileID: 0}
  m_PrefabAsset: {fileID: 0}
  m_GameObject: {fileID: 364377900}
  m_Enabled: 1
  m_CastShadows: 1
  m_ReceiveShadows: 1
  m_DynamicOccludee: 1
  m_MotionVectors: 1
  m_LightProbeUsage: 1
  m_ReflectionProbeUsage: 1
  m_RayTracingMode: 2
  m_RayTraceProcedural: 0
  m_RenderingLayerMask: 1
  m_RendererPriority: 0
  m_Materials:
  - {fileID: 2100000, guid: 338ecb4689397ae4ca20a9fc4b00e201, type: 2}
  m_StaticBatchInfo:
    firstSubMesh: 0
    subMeshCount: 0
  m_StaticBatchRoot: {fileID: 0}
  m_ProbeAnchor: {fileID: 0}
  m_LightProbeVolumeOverride: {fileID: 0}
  m_ScaleInLightmap: 1
  m_ReceiveGI: 1
  m_PreserveUVs: 0
  m_IgnoreNormalsForChartDetection: 0
  m_ImportantGI: 0
  m_StitchLightmapSeams: 1
  m_SelectedEditorRenderState: 3
  m_MinimumChartSize: 4
  m_AutoUVMaxDistance: 0.5
  m_AutoUVMaxAngle: 89
  m_LightmapParameters: {fileID: 0}
  m_SortingLayerID: 0
  m_SortingLayer: 0
  m_SortingOrder: 0
  m_AdditionalVertexStreams: {fileID: 0}
--- !u!33 &364377905
MeshFilter:
  m_ObjectHideFlags: 0
  m_CorrespondingSourceObject: {fileID: 0}
  m_PrefabInstance: {fileID: 0}
  m_PrefabAsset: {fileID: 0}
  m_GameObject: {fileID: 364377900}
  m_Mesh: {fileID: 4300000, guid: 4036c277db2266e469999c80c0e6280e, type: 3}
--- !u!1 &384208332
GameObject:
  m_ObjectHideFlags: 0
  m_CorrespondingSourceObject: {fileID: 0}
  m_PrefabInstance: {fileID: 0}
  m_PrefabAsset: {fileID: 0}
  serializedVersion: 6
  m_Component:
  - component: {fileID: 384208333}
  - component: {fileID: 384208334}
  m_Layer: 8
  m_Name: Triggers
  m_TagString: Untagged
  m_Icon: {fileID: 0}
  m_NavMeshLayer: 0
  m_StaticEditorFlags: 0
  m_IsActive: 1
--- !u!4 &384208333
Transform:
  m_ObjectHideFlags: 0
  m_CorrespondingSourceObject: {fileID: 0}
  m_PrefabInstance: {fileID: 0}
  m_PrefabAsset: {fileID: 0}
  m_GameObject: {fileID: 384208332}
  m_LocalRotation: {x: -0, y: -0, z: -0, w: 1}
  m_LocalPosition: {x: 0, y: 0, z: 0}
  m_LocalScale: {x: 1, y: 1, z: 1}
  m_Children: []
  m_Father: {fileID: 343287882}
  m_RootOrder: 5
  m_LocalEulerAnglesHint: {x: 0, y: 0, z: 0}
--- !u!114 &384208334
MonoBehaviour:
  m_ObjectHideFlags: 0
  m_CorrespondingSourceObject: {fileID: 0}
  m_PrefabInstance: {fileID: 0}
  m_PrefabAsset: {fileID: 0}
  m_GameObject: {fileID: 384208332}
  m_Enabled: 1
  m_EditorHideFlags: 0
  m_Script: {fileID: 11500000, guid: a582416e01fb08a4a89e736eb5983ca7, type: 3}
  m_Name: 
  m_EditorClassIdentifier: 
  Section: 7
--- !u!1 &705507993
GameObject:
  m_ObjectHideFlags: 0
  m_CorrespondingSourceObject: {fileID: 0}
  m_PrefabInstance: {fileID: 0}
  m_PrefabAsset: {fileID: 0}
  serializedVersion: 6
  m_Component:
  - component: {fileID: 705507995}
  - component: {fileID: 705507994}
  m_Layer: 0
  m_Name: Directional Light
  m_TagString: Untagged
  m_Icon: {fileID: 0}
  m_NavMeshLayer: 0
  m_StaticEditorFlags: 0
  m_IsActive: 1
--- !u!108 &705507994
Light:
  m_ObjectHideFlags: 0
  m_CorrespondingSourceObject: {fileID: 0}
  m_PrefabInstance: {fileID: 0}
  m_PrefabAsset: {fileID: 0}
  m_GameObject: {fileID: 705507993}
  m_Enabled: 1
  serializedVersion: 10
  m_Type: 1
  m_Shape: 0
  m_Color: {r: 1, g: 0.95686275, b: 0.8392157, a: 1}
  m_Intensity: 1
  m_Range: 10
  m_SpotAngle: 30
  m_InnerSpotAngle: 21.80208
  m_CookieSize: 10
  m_Shadows:
    m_Type: 2
    m_Resolution: -1
    m_CustomResolution: -1
    m_Strength: 1
    m_Bias: 0.05
    m_NormalBias: 0.4
    m_NearPlane: 0.2
    m_CullingMatrixOverride:
      e00: 1
      e01: 0
      e02: 0
      e03: 0
      e10: 0
      e11: 1
      e12: 0
      e13: 0
      e20: 0
      e21: 0
      e22: 1
      e23: 0
      e30: 0
      e31: 0
      e32: 0
      e33: 1
    m_UseCullingMatrixOverride: 0
  m_Cookie: {fileID: 0}
  m_DrawHalo: 0
  m_Flare: {fileID: 0}
  m_RenderMode: 0
  m_CullingMask:
    serializedVersion: 2
    m_Bits: 4294967295
  m_RenderingLayerMask: 1
  m_Lightmapping: 1
  m_LightShadowCasterMode: 0
  m_AreaSize: {x: 1, y: 1}
  m_BounceIntensity: 1
  m_ColorTemperature: 6570
  m_UseColorTemperature: 0
  m_BoundingSphereOverride: {x: 0, y: 0, z: 0, w: 0}
  m_UseBoundingSphereOverride: 0
  m_ShadowRadius: 0
  m_ShadowAngle: 0
--- !u!4 &705507995
Transform:
  m_ObjectHideFlags: 0
  m_CorrespondingSourceObject: {fileID: 0}
  m_PrefabInstance: {fileID: 0}
  m_PrefabAsset: {fileID: 0}
  m_GameObject: {fileID: 705507993}
  m_LocalRotation: {x: 0.30484238, y: 0.27459663, z: -0.71013707, w: 0.5721653}
  m_LocalPosition: {x: 15.247971, y: -3.1703281, z: 4.4950495}
  m_LocalScale: {x: 1, y: 1, z: 1}
  m_Children: []
  m_Father: {fileID: 0}
  m_RootOrder: 0
  m_LocalEulerAnglesHint: {x: 132.367, y: 169.852, z: 73.229}
--- !u!1 &710528716 stripped
GameObject:
  m_CorrespondingSourceObject: {fileID: 2856971178847150444, guid: fafb49c8e1490b140b52db855b2b3815, type: 3}
  m_PrefabInstance: {fileID: 6444465400483714116}
  m_PrefabAsset: {fileID: 0}
--- !u!4 &710528725 stripped
Transform:
  m_CorrespondingSourceObject: {fileID: 3237473002065427414, guid: fafb49c8e1490b140b52db855b2b3815, type: 3}
  m_PrefabInstance: {fileID: 6444465400483714116}
  m_PrefabAsset: {fileID: 0}
--- !u!1 &777066604 stripped
GameObject:
  m_CorrespondingSourceObject: {fileID: 8306638289637887729, guid: 67e7844c463820a4abe6428b48104a31, type: 3}
  m_PrefabInstance: {fileID: 8306638290347841181}
  m_PrefabAsset: {fileID: 0}
--- !u!1 &986543999
GameObject:
  m_ObjectHideFlags: 0
  m_CorrespondingSourceObject: {fileID: 0}
  m_PrefabInstance: {fileID: 0}
  m_PrefabAsset: {fileID: 0}
  serializedVersion: 6
  m_Component:
  - component: {fileID: 986544000}
  - component: {fileID: 986544001}
  m_Layer: 8
  m_Name: Particles
  m_TagString: Untagged
  m_Icon: {fileID: 0}
  m_NavMeshLayer: 0
  m_StaticEditorFlags: 0
  m_IsActive: 1
--- !u!4 &986544000
Transform:
  m_ObjectHideFlags: 0
  m_CorrespondingSourceObject: {fileID: 0}
  m_PrefabInstance: {fileID: 0}
  m_PrefabAsset: {fileID: 0}
  m_GameObject: {fileID: 986543999}
  m_LocalRotation: {x: -0, y: -0, z: -0, w: 1}
  m_LocalPosition: {x: 0, y: 0, z: 0}
  m_LocalScale: {x: 1, y: 1, z: 1}
  m_Children: []
  m_Father: {fileID: 343287882}
  m_RootOrder: 6
  m_LocalEulerAnglesHint: {x: 0, y: 0, z: 0}
--- !u!114 &986544001
MonoBehaviour:
  m_ObjectHideFlags: 0
  m_CorrespondingSourceObject: {fileID: 0}
  m_PrefabInstance: {fileID: 0}
  m_PrefabAsset: {fileID: 0}
  m_GameObject: {fileID: 986543999}
  m_Enabled: 1
  m_EditorHideFlags: 0
  m_Script: {fileID: 11500000, guid: a582416e01fb08a4a89e736eb5983ca7, type: 3}
  m_Name: 
  m_EditorClassIdentifier: 
  Section: 6
--- !u!1 &1006823905
GameObject:
  m_ObjectHideFlags: 0
  m_CorrespondingSourceObject: {fileID: 0}
  m_PrefabInstance: {fileID: 0}
  m_PrefabAsset: {fileID: 0}
  serializedVersion: 6
  m_Component:
  - component: {fileID: 1006823908}
  - component: {fileID: 1006823907}
  - component: {fileID: 1006823906}
  - component: {fileID: 1006823909}
  m_Layer: 0
  m_Name: Timekeeper
  m_TagString: Untagged
  m_Icon: {fileID: 0}
  m_NavMeshLayer: 0
  m_StaticEditorFlags: 0
  m_IsActive: 1
--- !u!114 &1006823906
MonoBehaviour:
  m_ObjectHideFlags: 0
  m_CorrespondingSourceObject: {fileID: 0}
  m_PrefabInstance: {fileID: 0}
  m_PrefabAsset: {fileID: 0}
  m_GameObject: {fileID: 1006823905}
  m_Enabled: 1
  m_EditorHideFlags: 0
  m_Script: {fileID: 11500000, guid: 0144e3ad8a88947298e2dca62625e6ca, type: 3}
  m_Name: 
  m_EditorClassIdentifier: 
  _localTimeScale: 1
  _paused: 0
  _parentKey: 
  _parentBlend: 0
  _key: Root
--- !u!114 &1006823907
MonoBehaviour:
  m_ObjectHideFlags: 0
  m_CorrespondingSourceObject: {fileID: 0}
  m_PrefabInstance: {fileID: 0}
  m_PrefabAsset: {fileID: 0}
  m_GameObject: {fileID: 1006823905}
  m_Enabled: 1
  m_EditorHideFlags: 0
  m_Script: {fileID: 11500000, guid: a10179de595094539a3ca7ba94d6b1c6, type: 3}
  m_Name: 
  m_EditorClassIdentifier: 
  _debug: 0
  _maxParticleLoops: 10
--- !u!4 &1006823908
Transform:
  m_ObjectHideFlags: 0
  m_CorrespondingSourceObject: {fileID: 0}
  m_PrefabInstance: {fileID: 0}
  m_PrefabAsset: {fileID: 0}
  m_GameObject: {fileID: 1006823905}
  m_LocalRotation: {x: 0, y: 0, z: 0, w: 1}
  m_LocalPosition: {x: 0, y: 0, z: 0}
  m_LocalScale: {x: 1, y: 1, z: 1}
  m_Children: []
  m_Father: {fileID: 0}
  m_RootOrder: 3
  m_LocalEulerAnglesHint: {x: 0, y: 0, z: 0}
--- !u!114 &1006823909
MonoBehaviour:
  m_ObjectHideFlags: 0
  m_CorrespondingSourceObject: {fileID: 0}
  m_PrefabInstance: {fileID: 0}
  m_PrefabAsset: {fileID: 0}
  m_GameObject: {fileID: 1006823905}
  m_Enabled: 1
  m_EditorHideFlags: 0
  m_Script: {fileID: 11500000, guid: 0144e3ad8a88947298e2dca62625e6ca, type: 3}
  m_Name: 
  m_EditorClassIdentifier: 
  _localTimeScale: 1
  _paused: 0
  _parentKey: Root
  _parentBlend: 0
  _key: Player
--- !u!1 &1124303890
GameObject:
  m_ObjectHideFlags: 0
  m_CorrespondingSourceObject: {fileID: 0}
  m_PrefabInstance: {fileID: 0}
  m_PrefabAsset: {fileID: 0}
  serializedVersion: 6
  m_Component:
  - component: {fileID: 1124303892}
  - component: {fileID: 1124303891}
  m_Layer: 0
  m_Name: Point Light (3)
  m_TagString: Untagged
  m_Icon: {fileID: 0}
  m_NavMeshLayer: 0
  m_StaticEditorFlags: 0
  m_IsActive: 1
--- !u!108 &1124303891
Light:
  m_ObjectHideFlags: 0
  m_CorrespondingSourceObject: {fileID: 0}
  m_PrefabInstance: {fileID: 0}
  m_PrefabAsset: {fileID: 0}
  m_GameObject: {fileID: 1124303890}
  m_Enabled: 1
  serializedVersion: 10
  m_Type: 0
  m_Shape: 0
  m_Color: {r: 1, g: 1, b: 1, a: 1}
  m_Intensity: 3.5
  m_Range: 29.08
  m_SpotAngle: 80.68336
  m_InnerSpotAngle: 21.80208
  m_CookieSize: 10
  m_Shadows:
    m_Type: 0
    m_Resolution: -1
    m_CustomResolution: -1
    m_Strength: 1
    m_Bias: 0.05
    m_NormalBias: 0.4
    m_NearPlane: 0.2
    m_CullingMatrixOverride:
      e00: 1
      e01: 0
      e02: 0
      e03: 0
      e10: 0
      e11: 1
      e12: 0
      e13: 0
      e20: 0
      e21: 0
      e22: 1
      e23: 0
      e30: 0
      e31: 0
      e32: 0
      e33: 1
    m_UseCullingMatrixOverride: 0
  m_Cookie: {fileID: 0}
  m_DrawHalo: 0
  m_Flare: {fileID: 0}
  m_RenderMode: 0
  m_CullingMask:
    serializedVersion: 2
    m_Bits: 4294967295
  m_RenderingLayerMask: 1
  m_Lightmapping: 4
  m_LightShadowCasterMode: 0
  m_AreaSize: {x: 1, y: 1}
  m_BounceIntensity: 1
  m_ColorTemperature: 6570
  m_UseColorTemperature: 0
  m_BoundingSphereOverride: {x: 0, y: 0, z: 0, w: 0}
  m_UseBoundingSphereOverride: 0
  m_ShadowRadius: 0
  m_ShadowAngle: 0
--- !u!4 &1124303892
Transform:
  m_ObjectHideFlags: 0
  m_CorrespondingSourceObject: {fileID: 0}
  m_PrefabInstance: {fileID: 0}
  m_PrefabAsset: {fileID: 0}
  m_GameObject: {fileID: 1124303890}
  m_LocalRotation: {x: 0.6561507, y: -0.26356408, z: -0.26356384, w: 0.65615124}
  m_LocalPosition: {x: -14.96, y: 28.14, z: 19.6}
  m_LocalScale: {x: 1, y: 1, z: 1}
  m_Children: []
  m_Father: {fileID: 0}
  m_RootOrder: 10
  m_LocalEulerAnglesHint: {x: 133.769, y: 90, z: 90}
--- !u!1001 &1294265350
PrefabInstance:
  m_ObjectHideFlags: 0
  serializedVersion: 2
  m_Modification:
    m_TransformParent: {fileID: 1900314127}
    m_Modifications:
    - target: {fileID: 1488088672436596, guid: 13d93703ab042bf4a8aec9be1826979c, type: 3}
      propertyPath: m_Name
      value: Block_1x2x2 (2)
      objectReference: {fileID: 0}
    - target: {fileID: 1488088672436596, guid: 13d93703ab042bf4a8aec9be1826979c, type: 3}
      propertyPath: m_Layer
      value: 8
      objectReference: {fileID: 0}
    - target: {fileID: 4011935675103540, guid: 13d93703ab042bf4a8aec9be1826979c, type: 3}
      propertyPath: m_LocalPosition.x
      value: -16.43
      objectReference: {fileID: 0}
    - target: {fileID: 4011935675103540, guid: 13d93703ab042bf4a8aec9be1826979c, type: 3}
      propertyPath: m_LocalPosition.y
      value: 9.91
      objectReference: {fileID: 0}
    - target: {fileID: 4011935675103540, guid: 13d93703ab042bf4a8aec9be1826979c, type: 3}
      propertyPath: m_LocalPosition.z
      value: -9.5
      objectReference: {fileID: 0}
    - target: {fileID: 4011935675103540, guid: 13d93703ab042bf4a8aec9be1826979c, type: 3}
      propertyPath: m_LocalRotation.x
      value: -0.7071068
      objectReference: {fileID: 0}
    - target: {fileID: 4011935675103540, guid: 13d93703ab042bf4a8aec9be1826979c, type: 3}
      propertyPath: m_LocalRotation.y
      value: -0
      objectReference: {fileID: 0}
    - target: {fileID: 4011935675103540, guid: 13d93703ab042bf4a8aec9be1826979c, type: 3}
      propertyPath: m_LocalRotation.z
      value: -0
      objectReference: {fileID: 0}
    - target: {fileID: 4011935675103540, guid: 13d93703ab042bf4a8aec9be1826979c, type: 3}
      propertyPath: m_LocalRotation.w
      value: 0.7071068
      objectReference: {fileID: 0}
    - target: {fileID: 4011935675103540, guid: 13d93703ab042bf4a8aec9be1826979c, type: 3}
      propertyPath: m_RootOrder
      value: 6
      objectReference: {fileID: 0}
    - target: {fileID: 4011935675103540, guid: 13d93703ab042bf4a8aec9be1826979c, type: 3}
      propertyPath: m_LocalEulerAnglesHint.x
      value: 0
      objectReference: {fileID: 0}
    - target: {fileID: 4011935675103540, guid: 13d93703ab042bf4a8aec9be1826979c, type: 3}
      propertyPath: m_LocalEulerAnglesHint.y
      value: 0
      objectReference: {fileID: 0}
    - target: {fileID: 4011935675103540, guid: 13d93703ab042bf4a8aec9be1826979c, type: 3}
      propertyPath: m_LocalEulerAnglesHint.z
      value: 0
      objectReference: {fileID: 0}
    - target: {fileID: 4011935675103540, guid: 13d93703ab042bf4a8aec9be1826979c, type: 3}
      propertyPath: m_LocalScale.x
      value: 12.748127
      objectReference: {fileID: 0}
    - target: {fileID: 4011935675103540, guid: 13d93703ab042bf4a8aec9be1826979c, type: 3}
      propertyPath: m_LocalScale.y
      value: 1.9136
      objectReference: {fileID: 0}
    - target: {fileID: 4011935675103540, guid: 13d93703ab042bf4a8aec9be1826979c, type: 3}
      propertyPath: m_LocalScale.z
      value: 1.9136
      objectReference: {fileID: 0}
    m_RemovedComponents: []
  m_SourcePrefab: {fileID: 100100000, guid: 13d93703ab042bf4a8aec9be1826979c, type: 3}
--- !u!4 &1294265351 stripped
Transform:
  m_CorrespondingSourceObject: {fileID: 4011935675103540, guid: 13d93703ab042bf4a8aec9be1826979c, type: 3}
  m_PrefabInstance: {fileID: 1294265350}
  m_PrefabAsset: {fileID: 0}
--- !u!1 &1343917250
GameObject:
  m_ObjectHideFlags: 0
  m_CorrespondingSourceObject: {fileID: 0}
  m_PrefabInstance: {fileID: 0}
  m_PrefabAsset: {fileID: 0}
  serializedVersion: 6
  m_Component:
  - component: {fileID: 1343917251}
  - component: {fileID: 1343917255}
  - component: {fileID: 1343917254}
  - component: {fileID: 1343917253}
  - component: {fileID: 1343917252}
  m_Layer: 8
  m_Name: Tri_Wall (Tri-Planar) (6)
  m_TagString: Untagged
  m_Icon: {fileID: 0}
  m_NavMeshLayer: 0
  m_StaticEditorFlags: 0
  m_IsActive: 1
--- !u!4 &1343917251
Transform:
  m_ObjectHideFlags: 0
  m_CorrespondingSourceObject: {fileID: 0}
  m_PrefabInstance: {fileID: 0}
  m_PrefabAsset: {fileID: 0}
  m_GameObject: {fileID: 1343917250}
  m_LocalRotation: {x: -0.7005894, y: 0.09578344, z: 0.09578344, w: 0.7005894}
  m_LocalPosition: {x: -28.8, y: 13.28, z: -4.02}
  m_LocalScale: {x: 0.75339, y: 8.901268, z: 6.6769357}
  m_Children: []
  m_Father: {fileID: 1900314127}
  m_RootOrder: 9
  m_LocalEulerAnglesHint: {x: -90, y: 0, z: 15.57}
--- !u!114 &1343917252
MonoBehaviour:
  m_ObjectHideFlags: 0
  m_CorrespondingSourceObject: {fileID: 0}
  m_PrefabInstance: {fileID: 0}
  m_PrefabAsset: {fileID: 0}
  m_GameObject: {fileID: 1343917250}
  m_Enabled: 1
  m_EditorHideFlags: 0
  m_Script: {fileID: 11500000, guid: dab00a7ac6fdc984ebc7bf831015ca11, type: 3}
  m_Name: 
  m_EditorClassIdentifier: 
  initialBlockoutSection: 2
  ReapplyMaterialTheme: 1
  IsTriAsset: 1
--- !u!65 &1343917253
BoxCollider:
  m_ObjectHideFlags: 0
  m_CorrespondingSourceObject: {fileID: 0}
  m_PrefabInstance: {fileID: 0}
  m_PrefabAsset: {fileID: 0}
  m_GameObject: {fileID: 1343917250}
  m_Material: {fileID: 0}
  m_IsTrigger: 0
  m_Enabled: 1
  serializedVersion: 2
  m_Size: {x: 1.000001, y: 1.0000012, z: 1.0000002}
  m_Center: {x: 0.5000005, y: -0.5000006, z: 0.5000006}
--- !u!23 &1343917254
MeshRenderer:
  m_ObjectHideFlags: 0
  m_CorrespondingSourceObject: {fileID: 0}
  m_PrefabInstance: {fileID: 0}
  m_PrefabAsset: {fileID: 0}
  m_GameObject: {fileID: 1343917250}
  m_Enabled: 1
  m_CastShadows: 1
  m_ReceiveShadows: 1
  m_DynamicOccludee: 1
  m_MotionVectors: 1
  m_LightProbeUsage: 1
  m_ReflectionProbeUsage: 1
  m_RayTracingMode: 2
  m_RayTraceProcedural: 0
  m_RenderingLayerMask: 1
  m_RendererPriority: 0
  m_Materials:
  - {fileID: 2100000, guid: 83bcb9b7869575d4cb01595330ba23d3, type: 2}
  m_StaticBatchInfo:
    firstSubMesh: 0
    subMeshCount: 0
  m_StaticBatchRoot: {fileID: 0}
  m_ProbeAnchor: {fileID: 0}
  m_LightProbeVolumeOverride: {fileID: 0}
  m_ScaleInLightmap: 1
  m_ReceiveGI: 1
  m_PreserveUVs: 0
  m_IgnoreNormalsForChartDetection: 0
  m_ImportantGI: 0
  m_StitchLightmapSeams: 1
  m_SelectedEditorRenderState: 3
  m_MinimumChartSize: 4
  m_AutoUVMaxDistance: 0.5
  m_AutoUVMaxAngle: 89
  m_LightmapParameters: {fileID: 0}
  m_SortingLayerID: 0
  m_SortingLayer: 0
  m_SortingOrder: 0
  m_AdditionalVertexStreams: {fileID: 0}
--- !u!33 &1343917255
MeshFilter:
  m_ObjectHideFlags: 0
  m_CorrespondingSourceObject: {fileID: 0}
  m_PrefabInstance: {fileID: 0}
  m_PrefabAsset: {fileID: 0}
  m_GameObject: {fileID: 1343917250}
  m_Mesh: {fileID: 4300000, guid: ce324065b8c2bab40a56a92a4b15f1d7, type: 3}
--- !u!1 &1369449201
GameObject:
  m_ObjectHideFlags: 0
  m_CorrespondingSourceObject: {fileID: 0}
  m_PrefabInstance: {fileID: 0}
  m_PrefabAsset: {fileID: 0}
  serializedVersion: 6
  m_Component:
  - component: {fileID: 1369449202}
  - component: {fileID: 1369449203}
  m_Layer: 8
  m_Name: Cameras
  m_TagString: Untagged
  m_Icon: {fileID: 0}
  m_NavMeshLayer: 0
  m_StaticEditorFlags: 0
  m_IsActive: 1
--- !u!4 &1369449202
Transform:
  m_ObjectHideFlags: 0
  m_CorrespondingSourceObject: {fileID: 0}
  m_PrefabInstance: {fileID: 0}
  m_PrefabAsset: {fileID: 0}
  m_GameObject: {fileID: 1369449201}
  m_LocalRotation: {x: -0, y: -0, z: -0, w: 1}
  m_LocalPosition: {x: 0, y: 0, z: 0}
  m_LocalScale: {x: 1, y: 1, z: 1}
  m_Children: []
  m_Father: {fileID: 343287882}
  m_RootOrder: 7
  m_LocalEulerAnglesHint: {x: 0, y: 0, z: 0}
--- !u!114 &1369449203
MonoBehaviour:
  m_ObjectHideFlags: 0
  m_CorrespondingSourceObject: {fileID: 0}
  m_PrefabInstance: {fileID: 0}
  m_PrefabAsset: {fileID: 0}
  m_GameObject: {fileID: 1369449201}
  m_Enabled: 1
  m_EditorHideFlags: 0
  m_Script: {fileID: 11500000, guid: a582416e01fb08a4a89e736eb5983ca7, type: 3}
  m_Name: 
  m_EditorClassIdentifier: 
  Section: 8
--- !u!1 &1381245986
GameObject:
  m_ObjectHideFlags: 0
  m_CorrespondingSourceObject: {fileID: 0}
  m_PrefabInstance: {fileID: 0}
  m_PrefabAsset: {fileID: 0}
  serializedVersion: 6
  m_Component:
  - component: {fileID: 1381245987}
  - component: {fileID: 1381245991}
  - component: {fileID: 1381245990}
  - component: {fileID: 1381245989}
  - component: {fileID: 1381245988}
  m_Layer: 8
  m_Name: Tri_Wall (Tri-Planar) (1)
  m_TagString: Untagged
  m_Icon: {fileID: 0}
  m_NavMeshLayer: 0
  m_StaticEditorFlags: 0
  m_IsActive: 1
--- !u!4 &1381245987
Transform:
  m_ObjectHideFlags: 0
  m_CorrespondingSourceObject: {fileID: 0}
  m_PrefabInstance: {fileID: 0}
  m_PrefabAsset: {fileID: 0}
  m_GameObject: {fileID: 1381245986}
  m_LocalRotation: {x: -0.7071068, y: -0, z: -0, w: 0.7071068}
  m_LocalPosition: {x: 17.524324, y: 0.6006426, z: -34.546967}
  m_LocalScale: {x: 0.75339, y: 39.02493, z: 9.270818}
  m_Children: []
  m_Father: {fileID: 1900314127}
  m_RootOrder: 1
  m_LocalEulerAnglesHint: {x: 0, y: 0, z: 0}
--- !u!114 &1381245988
MonoBehaviour:
  m_ObjectHideFlags: 0
  m_CorrespondingSourceObject: {fileID: 0}
  m_PrefabInstance: {fileID: 0}
  m_PrefabAsset: {fileID: 0}
  m_GameObject: {fileID: 1381245986}
  m_Enabled: 1
  m_EditorHideFlags: 0
  m_Script: {fileID: 11500000, guid: dab00a7ac6fdc984ebc7bf831015ca11, type: 3}
  m_Name: 
  m_EditorClassIdentifier: 
  initialBlockoutSection: 2
  ReapplyMaterialTheme: 1
  IsTriAsset: 1
--- !u!65 &1381245989
BoxCollider:
  m_ObjectHideFlags: 0
  m_CorrespondingSourceObject: {fileID: 0}
  m_PrefabInstance: {fileID: 0}
  m_PrefabAsset: {fileID: 0}
  m_GameObject: {fileID: 1381245986}
  m_Material: {fileID: 0}
  m_IsTrigger: 0
  m_Enabled: 1
  serializedVersion: 2
  m_Size: {x: 1.000001, y: 1.0000012, z: 1.0000002}
  m_Center: {x: 0.5000005, y: -0.5000006, z: 0.5000006}
--- !u!23 &1381245990
MeshRenderer:
  m_ObjectHideFlags: 0
  m_CorrespondingSourceObject: {fileID: 0}
  m_PrefabInstance: {fileID: 0}
  m_PrefabAsset: {fileID: 0}
  m_GameObject: {fileID: 1381245986}
  m_Enabled: 1
  m_CastShadows: 1
  m_ReceiveShadows: 1
  m_DynamicOccludee: 1
  m_MotionVectors: 1
  m_LightProbeUsage: 1
  m_ReflectionProbeUsage: 1
  m_RayTracingMode: 2
  m_RayTraceProcedural: 0
  m_RenderingLayerMask: 1
  m_RendererPriority: 0
  m_Materials:
  - {fileID: 2100000, guid: 83bcb9b7869575d4cb01595330ba23d3, type: 2}
  m_StaticBatchInfo:
    firstSubMesh: 0
    subMeshCount: 0
  m_StaticBatchRoot: {fileID: 0}
  m_ProbeAnchor: {fileID: 0}
  m_LightProbeVolumeOverride: {fileID: 0}
  m_ScaleInLightmap: 1
  m_ReceiveGI: 1
  m_PreserveUVs: 0
  m_IgnoreNormalsForChartDetection: 0
  m_ImportantGI: 0
  m_StitchLightmapSeams: 1
  m_SelectedEditorRenderState: 3
  m_MinimumChartSize: 4
  m_AutoUVMaxDistance: 0.5
  m_AutoUVMaxAngle: 89
  m_LightmapParameters: {fileID: 0}
  m_SortingLayerID: 0
  m_SortingLayer: 0
  m_SortingOrder: 0
  m_AdditionalVertexStreams: {fileID: 0}
--- !u!33 &1381245991
MeshFilter:
  m_ObjectHideFlags: 0
  m_CorrespondingSourceObject: {fileID: 0}
  m_PrefabInstance: {fileID: 0}
  m_PrefabAsset: {fileID: 0}
  m_GameObject: {fileID: 1381245986}
  m_Mesh: {fileID: 4300000, guid: ce324065b8c2bab40a56a92a4b15f1d7, type: 3}
--- !u!1 &1390750093 stripped
GameObject:
  m_CorrespondingSourceObject: {fileID: 919132149155446097, guid: f45af5d9212096c46b925caa284aee49, type: 3}
  m_PrefabInstance: {fileID: 339788780}
  m_PrefabAsset: {fileID: 0}
--- !u!136 &1390750094
CapsuleCollider:
  m_ObjectHideFlags: 0
  m_CorrespondingSourceObject: {fileID: 0}
  m_PrefabInstance: {fileID: 0}
  m_PrefabAsset: {fileID: 0}
  m_GameObject: {fileID: 1390750093}
  m_Material: {fileID: 0}
  m_IsTrigger: 1
  m_Enabled: 1
  m_Radius: 0.3727913
  m_Height: 1.5293465
  m_Direction: 1
  m_Center: {x: -0.03, y: 0.75017357, z: 0}
--- !u!135 &1390750095
SphereCollider:
  m_ObjectHideFlags: 0
  m_CorrespondingSourceObject: {fileID: 0}
  m_PrefabInstance: {fileID: 0}
  m_PrefabAsset: {fileID: 0}
  m_GameObject: {fileID: 1390750093}
  m_Material: {fileID: 0}
  m_IsTrigger: 1
  m_Enabled: 1
  serializedVersion: 2
  m_Radius: 0.1535095
  m_Center: {x: 0, y: 1.6701969, z: 0}
--- !u!136 &1390750096
CapsuleCollider:
  m_ObjectHideFlags: 0
  m_CorrespondingSourceObject: {fileID: 0}
  m_PrefabInstance: {fileID: 0}
  m_PrefabAsset: {fileID: 0}
  m_GameObject: {fileID: 1390750093}
  m_Material: {fileID: 0}
  m_IsTrigger: 0
  m_Enabled: 1
  m_Radius: 0.5
  m_Height: 1.8109617
  m_Direction: 1
  m_Center: {x: 0, y: 0.90169764, z: 0}
--- !u!1 &1422603827 stripped
GameObject:
  m_CorrespondingSourceObject: {fileID: 3703507236025880466, guid: 79eac1a38bdb1354ba0c2a9a5aa857b9, type: 3}
  m_PrefabInstance: {fileID: 3703507237438912929}
  m_PrefabAsset: {fileID: 0}
--- !u!1 &1452419137
GameObject:
  m_ObjectHideFlags: 0
  m_CorrespondingSourceObject: {fileID: 0}
  m_PrefabInstance: {fileID: 0}
  m_PrefabAsset: {fileID: 0}
  serializedVersion: 6
  m_Component:
  - component: {fileID: 1452419138}
  - component: {fileID: 1452419142}
  - component: {fileID: 1452419141}
  - component: {fileID: 1452419140}
  - component: {fileID: 1452419139}
  m_Layer: 8
  m_Name: Tri_Wall (Tri-Planar) (2)
  m_TagString: Untagged
  m_Icon: {fileID: 0}
  m_NavMeshLayer: 0
  m_StaticEditorFlags: 0
  m_IsActive: 1
--- !u!4 &1452419138
Transform:
  m_ObjectHideFlags: 0
  m_CorrespondingSourceObject: {fileID: 0}
  m_PrefabInstance: {fileID: 0}
  m_PrefabAsset: {fileID: 0}
  m_GameObject: {fileID: 1452419137}
  m_LocalRotation: {x: -0.7071068, y: -0, z: -0, w: 0.7071068}
  m_LocalPosition: {x: -0.98237157, y: 0.60063803, z: -35.870102}
  m_LocalScale: {x: 19.33401, y: 1.3231335, z: 9.270818}
  m_Children: []
  m_Father: {fileID: 1900314127}
  m_RootOrder: 2
  m_LocalEulerAnglesHint: {x: 0, y: 0, z: 0}
--- !u!114 &1452419139
MonoBehaviour:
  m_ObjectHideFlags: 0
  m_CorrespondingSourceObject: {fileID: 0}
  m_PrefabInstance: {fileID: 0}
  m_PrefabAsset: {fileID: 0}
  m_GameObject: {fileID: 1452419137}
  m_Enabled: 1
  m_EditorHideFlags: 0
  m_Script: {fileID: 11500000, guid: dab00a7ac6fdc984ebc7bf831015ca11, type: 3}
  m_Name: 
  m_EditorClassIdentifier: 
  initialBlockoutSection: 2
  ReapplyMaterialTheme: 1
  IsTriAsset: 1
--- !u!65 &1452419140
BoxCollider:
  m_ObjectHideFlags: 0
  m_CorrespondingSourceObject: {fileID: 0}
  m_PrefabInstance: {fileID: 0}
  m_PrefabAsset: {fileID: 0}
  m_GameObject: {fileID: 1452419137}
  m_Material: {fileID: 0}
  m_IsTrigger: 0
  m_Enabled: 1
  serializedVersion: 2
  m_Size: {x: 1.000001, y: 1.0000012, z: 1.0000002}
  m_Center: {x: 0.5000005, y: -0.5000006, z: 0.5000006}
--- !u!23 &1452419141
MeshRenderer:
  m_ObjectHideFlags: 0
  m_CorrespondingSourceObject: {fileID: 0}
  m_PrefabInstance: {fileID: 0}
  m_PrefabAsset: {fileID: 0}
  m_GameObject: {fileID: 1452419137}
  m_Enabled: 1
  m_CastShadows: 1
  m_ReceiveShadows: 1
  m_DynamicOccludee: 1
  m_MotionVectors: 1
  m_LightProbeUsage: 1
  m_ReflectionProbeUsage: 1
  m_RayTracingMode: 2
  m_RayTraceProcedural: 0
  m_RenderingLayerMask: 1
  m_RendererPriority: 0
  m_Materials:
  - {fileID: 2100000, guid: 83bcb9b7869575d4cb01595330ba23d3, type: 2}
  m_StaticBatchInfo:
    firstSubMesh: 0
    subMeshCount: 0
  m_StaticBatchRoot: {fileID: 0}
  m_ProbeAnchor: {fileID: 0}
  m_LightProbeVolumeOverride: {fileID: 0}
  m_ScaleInLightmap: 1
  m_ReceiveGI: 1
  m_PreserveUVs: 0
  m_IgnoreNormalsForChartDetection: 0
  m_ImportantGI: 0
  m_StitchLightmapSeams: 1
  m_SelectedEditorRenderState: 3
  m_MinimumChartSize: 4
  m_AutoUVMaxDistance: 0.5
  m_AutoUVMaxAngle: 89
  m_LightmapParameters: {fileID: 0}
  m_SortingLayerID: 0
  m_SortingLayer: 0
  m_SortingOrder: 0
  m_AdditionalVertexStreams: {fileID: 0}
--- !u!33 &1452419142
MeshFilter:
  m_ObjectHideFlags: 0
  m_CorrespondingSourceObject: {fileID: 0}
  m_PrefabInstance: {fileID: 0}
  m_PrefabAsset: {fileID: 0}
  m_GameObject: {fileID: 1452419137}
  m_Mesh: {fileID: 4300000, guid: ce324065b8c2bab40a56a92a4b15f1d7, type: 3}
--- !u!1 &1584809442 stripped
GameObject:
  m_CorrespondingSourceObject: {fileID: 282402155372867740, guid: fafb49c8e1490b140b52db855b2b3815, type: 3}
  m_PrefabInstance: {fileID: 6444465400483714116}
  m_PrefabAsset: {fileID: 0}
--- !u!1 &1637960143
GameObject:
  m_ObjectHideFlags: 0
  m_CorrespondingSourceObject: {fileID: 0}
  m_PrefabInstance: {fileID: 0}
  m_PrefabAsset: {fileID: 0}
  serializedVersion: 6
  m_Component:
  - component: {fileID: 1637960144}
  - component: {fileID: 1637960148}
  - component: {fileID: 1637960147}
  - component: {fileID: 1637960146}
  - component: {fileID: 1637960145}
  m_Layer: 8
  m_Name: Tri_Floor (Tri-Planar)
  m_TagString: Untagged
  m_Icon: {fileID: 0}
  m_NavMeshLayer: 0
  m_StaticEditorFlags: 0
  m_IsActive: 1
--- !u!4 &1637960144
Transform:
  m_ObjectHideFlags: 0
  m_CorrespondingSourceObject: {fileID: 0}
  m_PrefabInstance: {fileID: 0}
  m_PrefabAsset: {fileID: 0}
  m_GameObject: {fileID: 1637960143}
  m_LocalRotation: {x: -0.7071068, y: -0, z: -0, w: 0.7071068}
  m_LocalPosition: {x: -0.22899, y: 1.4618, z: -34.547}
  m_LocalScale: {x: 17.753307, y: 69.235146, z: 3.4446416}
  m_Children: []
  m_Father: {fileID: 2046876829}
  m_RootOrder: 1
  m_LocalEulerAnglesHint: {x: 0, y: 0, z: 0}
--- !u!114 &1637960145
MonoBehaviour:
  m_ObjectHideFlags: 0
  m_CorrespondingSourceObject: {fileID: 0}
  m_PrefabInstance: {fileID: 0}
  m_PrefabAsset: {fileID: 0}
  m_GameObject: {fileID: 1637960143}
  m_Enabled: 1
  m_EditorHideFlags: 0
  m_Script: {fileID: 11500000, guid: dab00a7ac6fdc984ebc7bf831015ca11, type: 3}
  m_Name: 
  m_EditorClassIdentifier: 
  initialBlockoutSection: 1
  ReapplyMaterialTheme: 1
  IsTriAsset: 1
--- !u!65 &1637960146
BoxCollider:
  m_ObjectHideFlags: 0
  m_CorrespondingSourceObject: {fileID: 0}
  m_PrefabInstance: {fileID: 0}
  m_PrefabAsset: {fileID: 0}
  m_GameObject: {fileID: 1637960143}
  m_Material: {fileID: 0}
  m_IsTrigger: 0
  m_Enabled: 1
  serializedVersion: 2
  m_Size: {x: 1.000001, y: 1.0000012, z: 0.25000006}
  m_Center: {x: 0.5000005, y: -0.5000006, z: -0.1250008}
--- !u!23 &1637960147
MeshRenderer:
  m_ObjectHideFlags: 0
  m_CorrespondingSourceObject: {fileID: 0}
  m_PrefabInstance: {fileID: 0}
  m_PrefabAsset: {fileID: 0}
  m_GameObject: {fileID: 1637960143}
  m_Enabled: 1
  m_CastShadows: 1
  m_ReceiveShadows: 1
  m_DynamicOccludee: 1
  m_MotionVectors: 1
  m_LightProbeUsage: 1
  m_ReflectionProbeUsage: 1
  m_RayTracingMode: 2
  m_RayTraceProcedural: 0
  m_RenderingLayerMask: 1
  m_RendererPriority: 0
  m_Materials:
  - {fileID: 2100000, guid: 338ecb4689397ae4ca20a9fc4b00e201, type: 2}
  m_StaticBatchInfo:
    firstSubMesh: 0
    subMeshCount: 0
  m_StaticBatchRoot: {fileID: 0}
  m_ProbeAnchor: {fileID: 0}
  m_LightProbeVolumeOverride: {fileID: 0}
  m_ScaleInLightmap: 1
  m_ReceiveGI: 1
  m_PreserveUVs: 0
  m_IgnoreNormalsForChartDetection: 0
  m_ImportantGI: 0
  m_StitchLightmapSeams: 1
  m_SelectedEditorRenderState: 3
  m_MinimumChartSize: 4
  m_AutoUVMaxDistance: 0.5
  m_AutoUVMaxAngle: 89
  m_LightmapParameters: {fileID: 0}
  m_SortingLayerID: 0
  m_SortingLayer: 0
  m_SortingOrder: 0
  m_AdditionalVertexStreams: {fileID: 0}
--- !u!33 &1637960148
MeshFilter:
  m_ObjectHideFlags: 0
  m_CorrespondingSourceObject: {fileID: 0}
  m_PrefabInstance: {fileID: 0}
  m_PrefabAsset: {fileID: 0}
  m_GameObject: {fileID: 1637960143}
  m_Mesh: {fileID: 4300000, guid: 4036c277db2266e469999c80c0e6280e, type: 3}
--- !u!1 &1666053339
GameObject:
  m_ObjectHideFlags: 0
  m_CorrespondingSourceObject: {fileID: 0}
  m_PrefabInstance: {fileID: 0}
  m_PrefabAsset: {fileID: 0}
  serializedVersion: 6
  m_Component:
  - component: {fileID: 1666053340}
  - component: {fileID: 1666053344}
  - component: {fileID: 1666053343}
  - component: {fileID: 1666053342}
  - component: {fileID: 1666053341}
  m_Layer: 8
  m_Name: Tri_Wall (Tri-Planar) (5)
  m_TagString: Untagged
  m_Icon: {fileID: 0}
  m_NavMeshLayer: 0
  m_StaticEditorFlags: 0
  m_IsActive: 1
--- !u!4 &1666053340
Transform:
  m_ObjectHideFlags: 0
  m_CorrespondingSourceObject: {fileID: 0}
  m_PrefabInstance: {fileID: 0}
  m_PrefabAsset: {fileID: 0}
  m_GameObject: {fileID: 1666053339}
  m_LocalRotation: {x: -0.7071068, y: -0, z: -0, w: 0.7071068}
  m_LocalPosition: {x: -18.61, y: 13.45, z: 0.59}
  m_LocalScale: {x: 0.75339, y: 13.102675, z: 6.267945}
  m_Children: []
  m_Father: {fileID: 1900314127}
  m_RootOrder: 8
  m_LocalEulerAnglesHint: {x: 0, y: 0, z: 0}
--- !u!114 &1666053341
MonoBehaviour:
  m_ObjectHideFlags: 0
  m_CorrespondingSourceObject: {fileID: 0}
  m_PrefabInstance: {fileID: 0}
  m_PrefabAsset: {fileID: 0}
  m_GameObject: {fileID: 1666053339}
  m_Enabled: 1
  m_EditorHideFlags: 0
  m_Script: {fileID: 11500000, guid: dab00a7ac6fdc984ebc7bf831015ca11, type: 3}
  m_Name: 
  m_EditorClassIdentifier: 
  initialBlockoutSection: 2
  ReapplyMaterialTheme: 1
  IsTriAsset: 1
--- !u!65 &1666053342
BoxCollider:
  m_ObjectHideFlags: 0
  m_CorrespondingSourceObject: {fileID: 0}
  m_PrefabInstance: {fileID: 0}
  m_PrefabAsset: {fileID: 0}
  m_GameObject: {fileID: 1666053339}
  m_Material: {fileID: 0}
  m_IsTrigger: 0
  m_Enabled: 1
  serializedVersion: 2
  m_Size: {x: 1.000001, y: 1.0000012, z: 1.0000002}
  m_Center: {x: 0.5000005, y: -0.5000006, z: 0.5000006}
--- !u!23 &1666053343
MeshRenderer:
  m_ObjectHideFlags: 0
  m_CorrespondingSourceObject: {fileID: 0}
  m_PrefabInstance: {fileID: 0}
  m_PrefabAsset: {fileID: 0}
  m_GameObject: {fileID: 1666053339}
  m_Enabled: 1
  m_CastShadows: 1
  m_ReceiveShadows: 1
  m_DynamicOccludee: 1
  m_MotionVectors: 1
  m_LightProbeUsage: 1
  m_ReflectionProbeUsage: 1
  m_RayTracingMode: 2
  m_RayTraceProcedural: 0
  m_RenderingLayerMask: 1
  m_RendererPriority: 0
  m_Materials:
  - {fileID: 2100000, guid: 83bcb9b7869575d4cb01595330ba23d3, type: 2}
  m_StaticBatchInfo:
    firstSubMesh: 0
    subMeshCount: 0
  m_StaticBatchRoot: {fileID: 0}
  m_ProbeAnchor: {fileID: 0}
  m_LightProbeVolumeOverride: {fileID: 0}
  m_ScaleInLightmap: 1
  m_ReceiveGI: 1
  m_PreserveUVs: 0
  m_IgnoreNormalsForChartDetection: 0
  m_ImportantGI: 0
  m_StitchLightmapSeams: 1
  m_SelectedEditorRenderState: 3
  m_MinimumChartSize: 4
  m_AutoUVMaxDistance: 0.5
  m_AutoUVMaxAngle: 89
  m_LightmapParameters: {fileID: 0}
  m_SortingLayerID: 0
  m_SortingLayer: 0
  m_SortingOrder: 0
  m_AdditionalVertexStreams: {fileID: 0}
--- !u!33 &1666053344
MeshFilter:
  m_ObjectHideFlags: 0
  m_CorrespondingSourceObject: {fileID: 0}
  m_PrefabInstance: {fileID: 0}
  m_PrefabAsset: {fileID: 0}
  m_GameObject: {fileID: 1666053339}
  m_Mesh: {fileID: 4300000, guid: ce324065b8c2bab40a56a92a4b15f1d7, type: 3}
--- !u!1001 &1698056489
PrefabInstance:
  m_ObjectHideFlags: 0
  serializedVersion: 2
  m_Modification:
    m_TransformParent: {fileID: 1900314127}
    m_Modifications:
    - target: {fileID: 1488088672436596, guid: 13d93703ab042bf4a8aec9be1826979c, type: 3}
      propertyPath: m_Name
      value: Block_1x2x2 (1)
      objectReference: {fileID: 0}
    - target: {fileID: 1488088672436596, guid: 13d93703ab042bf4a8aec9be1826979c, type: 3}
      propertyPath: m_Layer
      value: 8
      objectReference: {fileID: 0}
    - target: {fileID: 4011935675103540, guid: 13d93703ab042bf4a8aec9be1826979c, type: 3}
      propertyPath: m_LocalPosition.x
      value: 17.44
      objectReference: {fileID: 0}
    - target: {fileID: 4011935675103540, guid: 13d93703ab042bf4a8aec9be1826979c, type: 3}
      propertyPath: m_LocalPosition.y
      value: 1.46
      objectReference: {fileID: 0}
    - target: {fileID: 4011935675103540, guid: 13d93703ab042bf4a8aec9be1826979c, type: 3}
      propertyPath: m_LocalPosition.z
      value: 4.43
      objectReference: {fileID: 0}
    - target: {fileID: 4011935675103540, guid: 13d93703ab042bf4a8aec9be1826979c, type: 3}
      propertyPath: m_LocalRotation.x
      value: -0.6348276
      objectReference: {fileID: 0}
    - target: {fileID: 4011935675103540, guid: 13d93703ab042bf4a8aec9be1826979c, type: 3}
      propertyPath: m_LocalRotation.y
      value: 0.31143856
      objectReference: {fileID: 0}
    - target: {fileID: 4011935675103540, guid: 13d93703ab042bf4a8aec9be1826979c, type: 3}
      propertyPath: m_LocalRotation.z
      value: 0.31143847
      objectReference: {fileID: 0}
    - target: {fileID: 4011935675103540, guid: 13d93703ab042bf4a8aec9be1826979c, type: 3}
      propertyPath: m_LocalRotation.w
      value: 0.6348276
      objectReference: {fileID: 0}
    - target: {fileID: 4011935675103540, guid: 13d93703ab042bf4a8aec9be1826979c, type: 3}
      propertyPath: m_RootOrder
      value: 4
      objectReference: {fileID: 0}
    - target: {fileID: 4011935675103540, guid: 13d93703ab042bf4a8aec9be1826979c, type: 3}
      propertyPath: m_LocalEulerAnglesHint.x
      value: -90
      objectReference: {fileID: 0}
    - target: {fileID: 4011935675103540, guid: 13d93703ab042bf4a8aec9be1826979c, type: 3}
      propertyPath: m_LocalEulerAnglesHint.y
      value: 0
      objectReference: {fileID: 0}
    - target: {fileID: 4011935675103540, guid: 13d93703ab042bf4a8aec9be1826979c, type: 3}
      propertyPath: m_LocalEulerAnglesHint.z
      value: 52.264
      objectReference: {fileID: 0}
    - target: {fileID: 4011935675103540, guid: 13d93703ab042bf4a8aec9be1826979c, type: 3}
      propertyPath: m_LocalScale.x
      value: 18.314169
      objectReference: {fileID: 0}
    - target: {fileID: 4011935675103540, guid: 13d93703ab042bf4a8aec9be1826979c, type: 3}
      propertyPath: m_LocalScale.y
      value: 0.44632804
      objectReference: {fileID: 0}
    - target: {fileID: 4011935675103540, guid: 13d93703ab042bf4a8aec9be1826979c, type: 3}
      propertyPath: m_LocalScale.z
      value: 4.022961
      objectReference: {fileID: 0}
    m_RemovedComponents: []
  m_SourcePrefab: {fileID: 100100000, guid: 13d93703ab042bf4a8aec9be1826979c, type: 3}
--- !u!4 &1698056490 stripped
Transform:
  m_CorrespondingSourceObject: {fileID: 4011935675103540, guid: 13d93703ab042bf4a8aec9be1826979c, type: 3}
  m_PrefabInstance: {fileID: 1698056489}
  m_PrefabAsset: {fileID: 0}
--- !u!1 &1792276163
GameObject:
  m_ObjectHideFlags: 0
  m_CorrespondingSourceObject: {fileID: 0}
  m_PrefabInstance: {fileID: 0}
  m_PrefabAsset: {fileID: 0}
  serializedVersion: 6
  m_Component:
  - component: {fileID: 1792276165}
  - component: {fileID: 1792276164}
  m_Layer: 0
  m_Name: Point Light (2)
  m_TagString: Untagged
  m_Icon: {fileID: 0}
  m_NavMeshLayer: 0
  m_StaticEditorFlags: 0
  m_IsActive: 1
--- !u!108 &1792276164
Light:
  m_ObjectHideFlags: 0
  m_CorrespondingSourceObject: {fileID: 0}
  m_PrefabInstance: {fileID: 0}
  m_PrefabAsset: {fileID: 0}
  m_GameObject: {fileID: 1792276163}
  m_Enabled: 1
  serializedVersion: 10
  m_Type: 0
  m_Shape: 0
  m_Color: {r: 1, g: 1, b: 1, a: 1}
  m_Intensity: 3.5
  m_Range: 29.08
  m_SpotAngle: 57.5
  m_InnerSpotAngle: 21.80208
  m_CookieSize: 10
  m_Shadows:
    m_Type: 0
    m_Resolution: -1
    m_CustomResolution: -1
    m_Strength: 1
    m_Bias: 0.05
    m_NormalBias: 0.4
    m_NearPlane: 0.2
    m_CullingMatrixOverride:
      e00: 1
      e01: 0
      e02: 0
      e03: 0
      e10: 0
      e11: 1
      e12: 0
      e13: 0
      e20: 0
      e21: 0
      e22: 1
      e23: 0
      e30: 0
      e31: 0
      e32: 0
      e33: 1
    m_UseCullingMatrixOverride: 0
  m_Cookie: {fileID: 0}
  m_DrawHalo: 0
  m_Flare: {fileID: 0}
  m_RenderMode: 0
  m_CullingMask:
    serializedVersion: 2
    m_Bits: 4294967295
  m_RenderingLayerMask: 1
  m_Lightmapping: 4
  m_LightShadowCasterMode: 0
  m_AreaSize: {x: 1, y: 1}
  m_BounceIntensity: 1
  m_ColorTemperature: 6570
  m_UseColorTemperature: 0
  m_BoundingSphereOverride: {x: 0, y: 0, z: 0, w: 0}
  m_UseBoundingSphereOverride: 0
  m_ShadowRadius: 0
  m_ShadowAngle: 0
--- !u!4 &1792276165
Transform:
  m_ObjectHideFlags: 0
  m_CorrespondingSourceObject: {fileID: 0}
  m_PrefabInstance: {fileID: 0}
  m_PrefabAsset: {fileID: 0}
  m_GameObject: {fileID: 1792276163}
  m_LocalRotation: {x: 0.6561507, y: -0.26356408, z: -0.26356384, w: 0.65615124}
  m_LocalPosition: {x: -15.63, y: 28.78, z: 1.6}
  m_LocalScale: {x: 1, y: 1, z: 1}
  m_Children: []
  m_Father: {fileID: 0}
  m_RootOrder: 9
  m_LocalEulerAnglesHint: {x: 133.769, y: 90, z: 90}
--- !u!1 &1826915643
GameObject:
  m_ObjectHideFlags: 0
  m_CorrespondingSourceObject: {fileID: 0}
  m_PrefabInstance: {fileID: 0}
  m_PrefabAsset: {fileID: 0}
  serializedVersion: 6
  m_Component:
  - component: {fileID: 1826915645}
  - component: {fileID: 1826915644}
  m_Layer: 0
  m_Name: Point Light (1)
  m_TagString: Untagged
  m_Icon: {fileID: 0}
  m_NavMeshLayer: 0
  m_StaticEditorFlags: 0
  m_IsActive: 1
--- !u!108 &1826915644
Light:
  m_ObjectHideFlags: 0
  m_CorrespondingSourceObject: {fileID: 0}
  m_PrefabInstance: {fileID: 0}
  m_PrefabAsset: {fileID: 0}
  m_GameObject: {fileID: 1826915643}
  m_Enabled: 1
  serializedVersion: 10
  m_Type: 0
  m_Shape: 0
  m_Color: {r: 1, g: 1, b: 1, a: 1}
  m_Intensity: 3.5
  m_Range: 29.08
  m_SpotAngle: 57.5
  m_InnerSpotAngle: 21.80208
  m_CookieSize: 10
  m_Shadows:
    m_Type: 0
    m_Resolution: -1
    m_CustomResolution: -1
    m_Strength: 1
    m_Bias: 0.05
    m_NormalBias: 0.4
    m_NearPlane: 0.2
    m_CullingMatrixOverride:
      e00: 1
      e01: 0
      e02: 0
      e03: 0
      e10: 0
      e11: 1
      e12: 0
      e13: 0
      e20: 0
      e21: 0
      e22: 1
      e23: 0
      e30: 0
      e31: 0
      e32: 0
      e33: 1
    m_UseCullingMatrixOverride: 0
  m_Cookie: {fileID: 0}
  m_DrawHalo: 0
  m_Flare: {fileID: 0}
  m_RenderMode: 0
  m_CullingMask:
    serializedVersion: 2
    m_Bits: 4294967295
  m_RenderingLayerMask: 1
  m_Lightmapping: 4
  m_LightShadowCasterMode: 0
  m_AreaSize: {x: 1, y: 1}
  m_BounceIntensity: 1
  m_ColorTemperature: 6570
  m_UseColorTemperature: 0
  m_BoundingSphereOverride: {x: 0, y: 0, z: 0, w: 0}
  m_UseBoundingSphereOverride: 0
  m_ShadowRadius: 0
  m_ShadowAngle: 0
--- !u!4 &1826915645
Transform:
  m_ObjectHideFlags: 0
  m_CorrespondingSourceObject: {fileID: 0}
  m_PrefabInstance: {fileID: 0}
  m_PrefabAsset: {fileID: 0}
  m_GameObject: {fileID: 1826915643}
  m_LocalRotation: {x: 0.6561507, y: -0.26356408, z: -0.26356384, w: 0.65615124}
  m_LocalPosition: {x: -15.63, y: 28.78, z: 1.6}
  m_LocalScale: {x: 1, y: 1, z: 1}
  m_Children: []
  m_Father: {fileID: 0}
  m_RootOrder: 8
  m_LocalEulerAnglesHint: {x: 133.769, y: 90, z: 90}
--- !u!1 &1848360061
GameObject:
  m_ObjectHideFlags: 0
  m_CorrespondingSourceObject: {fileID: 0}
  m_PrefabInstance: {fileID: 0}
  m_PrefabAsset: {fileID: 0}
  serializedVersion: 6
  m_Component:
  - component: {fileID: 1848360062}
  - component: {fileID: 1848360063}
  m_Layer: 8
  m_Name: Dynamic
  m_TagString: Untagged
  m_Icon: {fileID: 0}
  m_NavMeshLayer: 0
  m_StaticEditorFlags: 0
  m_IsActive: 1
--- !u!4 &1848360062
Transform:
  m_ObjectHideFlags: 0
  m_CorrespondingSourceObject: {fileID: 0}
  m_PrefabInstance: {fileID: 0}
  m_PrefabAsset: {fileID: 0}
  m_GameObject: {fileID: 1848360061}
  m_LocalRotation: {x: -0, y: -0, z: -0, w: 1}
  m_LocalPosition: {x: 0, y: 0, z: 0}
  m_LocalScale: {x: 1, y: 1, z: 1}
  m_Children: []
  m_Father: {fileID: 343287882}
  m_RootOrder: 3
  m_LocalEulerAnglesHint: {x: 0, y: 0, z: 0}
--- !u!114 &1848360063
MonoBehaviour:
  m_ObjectHideFlags: 0
  m_CorrespondingSourceObject: {fileID: 0}
  m_PrefabInstance: {fileID: 0}
  m_PrefabAsset: {fileID: 0}
  m_GameObject: {fileID: 1848360061}
  m_Enabled: 1
  m_EditorHideFlags: 0
  m_Script: {fileID: 11500000, guid: a582416e01fb08a4a89e736eb5983ca7, type: 3}
  m_Name: 
  m_EditorClassIdentifier: 
  Section: 4
--- !u!1 &1852725093
GameObject:
  m_ObjectHideFlags: 0
  m_CorrespondingSourceObject: {fileID: 0}
  m_PrefabInstance: {fileID: 0}
  m_PrefabAsset: {fileID: 0}
  serializedVersion: 6
  m_Component:
  - component: {fileID: 1852725094}
  - component: {fileID: 1852725098}
  - component: {fileID: 1852725097}
  - component: {fileID: 1852725096}
  - component: {fileID: 1852725095}
  m_Layer: 8
  m_Name: Tri_Wall (Tri-Planar) (4)
  m_TagString: Untagged
  m_Icon: {fileID: 0}
  m_NavMeshLayer: 0
  m_StaticEditorFlags: 0
  m_IsActive: 1
--- !u!4 &1852725094
Transform:
  m_ObjectHideFlags: 0
  m_CorrespondingSourceObject: {fileID: 0}
  m_PrefabInstance: {fileID: 0}
  m_PrefabAsset: {fileID: 0}
  m_GameObject: {fileID: 1852725093}
  m_LocalRotation: {x: -0.7007878, y: 0.029199755, z: 0.015412372, w: 0.7126053}
  m_LocalPosition: {x: -25.93, y: 13.66, z: 9.55}
  m_LocalScale: {x: 0.6500927, y: 10.559323, z: 7.367148}
  m_Children: []
  m_Father: {fileID: 1900314127}
  m_RootOrder: 7
  m_LocalEulerAnglesHint: {x: -88.529, y: 51.207, z: -47.591}
--- !u!114 &1852725095
MonoBehaviour:
  m_ObjectHideFlags: 0
  m_CorrespondingSourceObject: {fileID: 0}
  m_PrefabInstance: {fileID: 0}
  m_PrefabAsset: {fileID: 0}
  m_GameObject: {fileID: 1852725093}
  m_Enabled: 1
  m_EditorHideFlags: 0
  m_Script: {fileID: 11500000, guid: dab00a7ac6fdc984ebc7bf831015ca11, type: 3}
  m_Name: 
  m_EditorClassIdentifier: 
  initialBlockoutSection: 2
  ReapplyMaterialTheme: 1
  IsTriAsset: 1
--- !u!65 &1852725096
BoxCollider:
  m_ObjectHideFlags: 0
  m_CorrespondingSourceObject: {fileID: 0}
  m_PrefabInstance: {fileID: 0}
  m_PrefabAsset: {fileID: 0}
  m_GameObject: {fileID: 1852725093}
  m_Material: {fileID: 0}
  m_IsTrigger: 0
  m_Enabled: 1
  serializedVersion: 2
  m_Size: {x: 1.000001, y: 1.0000012, z: 1.0000002}
  m_Center: {x: 0.5000005, y: -0.5000006, z: 0.5000006}
--- !u!23 &1852725097
MeshRenderer:
  m_ObjectHideFlags: 0
  m_CorrespondingSourceObject: {fileID: 0}
  m_PrefabInstance: {fileID: 0}
  m_PrefabAsset: {fileID: 0}
  m_GameObject: {fileID: 1852725093}
  m_Enabled: 1
  m_CastShadows: 1
  m_ReceiveShadows: 1
  m_DynamicOccludee: 1
  m_MotionVectors: 1
  m_LightProbeUsage: 1
  m_ReflectionProbeUsage: 1
  m_RayTracingMode: 2
  m_RayTraceProcedural: 0
  m_RenderingLayerMask: 1
  m_RendererPriority: 0
  m_Materials:
  - {fileID: 2100000, guid: 83bcb9b7869575d4cb01595330ba23d3, type: 2}
  m_StaticBatchInfo:
    firstSubMesh: 0
    subMeshCount: 0
  m_StaticBatchRoot: {fileID: 0}
  m_ProbeAnchor: {fileID: 0}
  m_LightProbeVolumeOverride: {fileID: 0}
  m_ScaleInLightmap: 1
  m_ReceiveGI: 1
  m_PreserveUVs: 0
  m_IgnoreNormalsForChartDetection: 0
  m_ImportantGI: 0
  m_StitchLightmapSeams: 1
  m_SelectedEditorRenderState: 3
  m_MinimumChartSize: 4
  m_AutoUVMaxDistance: 0.5
  m_AutoUVMaxAngle: 89
  m_LightmapParameters: {fileID: 0}
  m_SortingLayerID: 0
  m_SortingLayer: 0
  m_SortingOrder: 0
  m_AdditionalVertexStreams: {fileID: 0}
--- !u!33 &1852725098
MeshFilter:
  m_ObjectHideFlags: 0
  m_CorrespondingSourceObject: {fileID: 0}
  m_PrefabInstance: {fileID: 0}
  m_PrefabAsset: {fileID: 0}
  m_GameObject: {fileID: 1852725093}
  m_Mesh: {fileID: 4300000, guid: ce324065b8c2bab40a56a92a4b15f1d7, type: 3}
--- !u!1 &1888591353
GameObject:
  m_ObjectHideFlags: 0
  m_CorrespondingSourceObject: {fileID: 0}
  m_PrefabInstance: {fileID: 0}
  m_PrefabAsset: {fileID: 0}
  serializedVersion: 6
  m_Component:
  - component: {fileID: 1888591354}
  - component: {fileID: 1888591358}
  - component: {fileID: 1888591357}
  - component: {fileID: 1888591356}
  - component: {fileID: 1888591355}
  m_Layer: 8
  m_Name: Tri_Wall (Tri-Planar) (3)
  m_TagString: Untagged
  m_Icon: {fileID: 0}
  m_NavMeshLayer: 0
  m_StaticEditorFlags: 0
  m_IsActive: 1
--- !u!4 &1888591354
Transform:
  m_ObjectHideFlags: 0
  m_CorrespondingSourceObject: {fileID: 0}
  m_PrefabInstance: {fileID: 0}
  m_PrefabAsset: {fileID: 0}
  m_GameObject: {fileID: 1888591353}
  m_LocalRotation: {x: -0.7071068, y: -0, z: -0, w: 0.7071068}
  m_LocalPosition: {x: -29.5, y: 9.75, z: -27.49}
  m_LocalScale: {x: 0.75339, y: 21.19615, z: 9.270818}
  m_Children: []
  m_Father: {fileID: 1900314127}
  m_RootOrder: 5
  m_LocalEulerAnglesHint: {x: 0, y: 0, z: 0}
--- !u!114 &1888591355
MonoBehaviour:
  m_ObjectHideFlags: 0
  m_CorrespondingSourceObject: {fileID: 0}
  m_PrefabInstance: {fileID: 0}
  m_PrefabAsset: {fileID: 0}
  m_GameObject: {fileID: 1888591353}
  m_Enabled: 1
  m_EditorHideFlags: 0
  m_Script: {fileID: 11500000, guid: dab00a7ac6fdc984ebc7bf831015ca11, type: 3}
  m_Name: 
  m_EditorClassIdentifier: 
  initialBlockoutSection: 2
  ReapplyMaterialTheme: 1
  IsTriAsset: 1
--- !u!65 &1888591356
BoxCollider:
  m_ObjectHideFlags: 0
  m_CorrespondingSourceObject: {fileID: 0}
  m_PrefabInstance: {fileID: 0}
  m_PrefabAsset: {fileID: 0}
  m_GameObject: {fileID: 1888591353}
  m_Material: {fileID: 0}
  m_IsTrigger: 0
  m_Enabled: 1
  serializedVersion: 2
  m_Size: {x: 1.000001, y: 1.0000012, z: 1.0000002}
  m_Center: {x: 0.5000005, y: -0.5000006, z: 0.5000006}
--- !u!23 &1888591357
MeshRenderer:
  m_ObjectHideFlags: 0
  m_CorrespondingSourceObject: {fileID: 0}
  m_PrefabInstance: {fileID: 0}
  m_PrefabAsset: {fileID: 0}
  m_GameObject: {fileID: 1888591353}
  m_Enabled: 1
  m_CastShadows: 1
  m_ReceiveShadows: 1
  m_DynamicOccludee: 1
  m_MotionVectors: 1
  m_LightProbeUsage: 1
  m_ReflectionProbeUsage: 1
  m_RayTracingMode: 2
  m_RayTraceProcedural: 0
  m_RenderingLayerMask: 1
  m_RendererPriority: 0
  m_Materials:
  - {fileID: 2100000, guid: 83bcb9b7869575d4cb01595330ba23d3, type: 2}
  m_StaticBatchInfo:
    firstSubMesh: 0
    subMeshCount: 0
  m_StaticBatchRoot: {fileID: 0}
  m_ProbeAnchor: {fileID: 0}
  m_LightProbeVolumeOverride: {fileID: 0}
  m_ScaleInLightmap: 1
  m_ReceiveGI: 1
  m_PreserveUVs: 0
  m_IgnoreNormalsForChartDetection: 0
  m_ImportantGI: 0
  m_StitchLightmapSeams: 1
  m_SelectedEditorRenderState: 3
  m_MinimumChartSize: 4
  m_AutoUVMaxDistance: 0.5
  m_AutoUVMaxAngle: 89
  m_LightmapParameters: {fileID: 0}
  m_SortingLayerID: 0
  m_SortingLayer: 0
  m_SortingOrder: 0
  m_AdditionalVertexStreams: {fileID: 0}
--- !u!33 &1888591358
MeshFilter:
  m_ObjectHideFlags: 0
  m_CorrespondingSourceObject: {fileID: 0}
  m_PrefabInstance: {fileID: 0}
  m_PrefabAsset: {fileID: 0}
  m_GameObject: {fileID: 1888591353}
  m_Mesh: {fileID: 4300000, guid: ce324065b8c2bab40a56a92a4b15f1d7, type: 3}
--- !u!1 &1900314126
GameObject:
  m_ObjectHideFlags: 0
  m_CorrespondingSourceObject: {fileID: 0}
  m_PrefabInstance: {fileID: 0}
  m_PrefabAsset: {fileID: 0}
  serializedVersion: 6
  m_Component:
  - component: {fileID: 1900314127}
  - component: {fileID: 1900314128}
  m_Layer: 8
  m_Name: Walls
  m_TagString: Untagged
  m_Icon: {fileID: 0}
  m_NavMeshLayer: 0
  m_StaticEditorFlags: 0
  m_IsActive: 1
--- !u!4 &1900314127
Transform:
  m_ObjectHideFlags: 0
  m_CorrespondingSourceObject: {fileID: 0}
  m_PrefabInstance: {fileID: 0}
  m_PrefabAsset: {fileID: 0}
  m_GameObject: {fileID: 1900314126}
  m_LocalRotation: {x: -0, y: -0, z: -0, w: 1}
  m_LocalPosition: {x: 0, y: 0, z: 0}
  m_LocalScale: {x: 1, y: 1, z: 1}
  m_Children:
  - {fileID: 2026478557}
  - {fileID: 1381245987}
  - {fileID: 1452419138}
  - {fileID: 2037152537}
  - {fileID: 1698056490}
  - {fileID: 1888591354}
  - {fileID: 1294265351}
  - {fileID: 1852725094}
  - {fileID: 1666053340}
  - {fileID: 1343917251}
  m_Father: {fileID: 343287882}
  m_RootOrder: 1
  m_LocalEulerAnglesHint: {x: 0, y: 0, z: 0}
--- !u!114 &1900314128
MonoBehaviour:
  m_ObjectHideFlags: 0
  m_CorrespondingSourceObject: {fileID: 0}
  m_PrefabInstance: {fileID: 0}
  m_PrefabAsset: {fileID: 0}
  m_GameObject: {fileID: 1900314126}
  m_Enabled: 1
  m_EditorHideFlags: 0
  m_Script: {fileID: 11500000, guid: a582416e01fb08a4a89e736eb5983ca7, type: 3}
  m_Name: 
  m_EditorClassIdentifier: 
  Section: 2
--- !u!1 &2026478556
GameObject:
  m_ObjectHideFlags: 0
  m_CorrespondingSourceObject: {fileID: 0}
  m_PrefabInstance: {fileID: 0}
  m_PrefabAsset: {fileID: 0}
  serializedVersion: 6
  m_Component:
  - component: {fileID: 2026478557}
  - component: {fileID: 2026478561}
  - component: {fileID: 2026478560}
  - component: {fileID: 2026478559}
  - component: {fileID: 2026478558}
  m_Layer: 8
  m_Name: Tri_Wall (Tri-Planar)
  m_TagString: Untagged
  m_Icon: {fileID: 0}
  m_NavMeshLayer: 0
  m_StaticEditorFlags: 0
  m_IsActive: 1
--- !u!4 &2026478557
Transform:
  m_ObjectHideFlags: 0
  m_CorrespondingSourceObject: {fileID: 0}
  m_PrefabInstance: {fileID: 0}
  m_PrefabAsset: {fileID: 0}
  m_GameObject: {fileID: 2026478556}
  m_LocalRotation: {x: -0.7071068, y: -0, z: -0, w: 0.7071068}
  m_LocalPosition: {x: -0.98237157, y: 0.6006379, z: -34.546967}
  m_LocalScale: {x: 0.75339, y: 39.02493, z: 9.270818}
  m_Children: []
  m_Father: {fileID: 1900314127}
  m_RootOrder: 0
  m_LocalEulerAnglesHint: {x: 0, y: 0, z: 0}
--- !u!114 &2026478558
MonoBehaviour:
  m_ObjectHideFlags: 0
  m_CorrespondingSourceObject: {fileID: 0}
  m_PrefabInstance: {fileID: 0}
  m_PrefabAsset: {fileID: 0}
  m_GameObject: {fileID: 2026478556}
  m_Enabled: 1
  m_EditorHideFlags: 0
  m_Script: {fileID: 11500000, guid: dab00a7ac6fdc984ebc7bf831015ca11, type: 3}
  m_Name: 
  m_EditorClassIdentifier: 
  initialBlockoutSection: 2
  ReapplyMaterialTheme: 1
  IsTriAsset: 1
--- !u!65 &2026478559
BoxCollider:
  m_ObjectHideFlags: 0
  m_CorrespondingSourceObject: {fileID: 0}
  m_PrefabInstance: {fileID: 0}
  m_PrefabAsset: {fileID: 0}
  m_GameObject: {fileID: 2026478556}
  m_Material: {fileID: 0}
  m_IsTrigger: 0
  m_Enabled: 1
  serializedVersion: 2
  m_Size: {x: 1.000001, y: 1.0000012, z: 1.0000002}
  m_Center: {x: 0.5000005, y: -0.5000006, z: 0.5000006}
--- !u!23 &2026478560
MeshRenderer:
  m_ObjectHideFlags: 0
  m_CorrespondingSourceObject: {fileID: 0}
  m_PrefabInstance: {fileID: 0}
  m_PrefabAsset: {fileID: 0}
  m_GameObject: {fileID: 2026478556}
  m_Enabled: 1
  m_CastShadows: 1
  m_ReceiveShadows: 1
  m_DynamicOccludee: 1
  m_MotionVectors: 1
  m_LightProbeUsage: 1
  m_ReflectionProbeUsage: 1
  m_RayTracingMode: 2
  m_RayTraceProcedural: 0
  m_RenderingLayerMask: 1
  m_RendererPriority: 0
  m_Materials:
  - {fileID: 2100000, guid: 83bcb9b7869575d4cb01595330ba23d3, type: 2}
  m_StaticBatchInfo:
    firstSubMesh: 0
    subMeshCount: 0
  m_StaticBatchRoot: {fileID: 0}
  m_ProbeAnchor: {fileID: 0}
  m_LightProbeVolumeOverride: {fileID: 0}
  m_ScaleInLightmap: 1
  m_ReceiveGI: 1
  m_PreserveUVs: 0
  m_IgnoreNormalsForChartDetection: 0
  m_ImportantGI: 0
  m_StitchLightmapSeams: 1
  m_SelectedEditorRenderState: 3
  m_MinimumChartSize: 4
  m_AutoUVMaxDistance: 0.5
  m_AutoUVMaxAngle: 89
  m_LightmapParameters: {fileID: 0}
  m_SortingLayerID: 0
  m_SortingLayer: 0
  m_SortingOrder: 0
  m_AdditionalVertexStreams: {fileID: 0}
--- !u!33 &2026478561
MeshFilter:
  m_ObjectHideFlags: 0
  m_CorrespondingSourceObject: {fileID: 0}
  m_PrefabInstance: {fileID: 0}
  m_PrefabAsset: {fileID: 0}
  m_GameObject: {fileID: 2026478556}
  m_Mesh: {fileID: 4300000, guid: ce324065b8c2bab40a56a92a4b15f1d7, type: 3}
--- !u!1001 &2037152536
PrefabInstance:
  m_ObjectHideFlags: 0
  serializedVersion: 2
  m_Modification:
    m_TransformParent: {fileID: 1900314127}
    m_Modifications:
    - target: {fileID: 1488088672436596, guid: 13d93703ab042bf4a8aec9be1826979c, type: 3}
      propertyPath: m_Name
      value: Block_1x2x2
      objectReference: {fileID: 0}
    - target: {fileID: 1488088672436596, guid: 13d93703ab042bf4a8aec9be1826979c, type: 3}
      propertyPath: m_Layer
      value: 8
      objectReference: {fileID: 0}
    - target: {fileID: 4011935675103540, guid: 13d93703ab042bf4a8aec9be1826979c, type: 3}
      propertyPath: m_LocalPosition.x
      value: 17.97
      objectReference: {fileID: 0}
    - target: {fileID: 4011935675103540, guid: 13d93703ab042bf4a8aec9be1826979c, type: 3}
      propertyPath: m_LocalPosition.y
      value: 1.46
      objectReference: {fileID: 0}
    - target: {fileID: 4011935675103540, guid: 13d93703ab042bf4a8aec9be1826979c, type: 3}
      propertyPath: m_LocalPosition.z
      value: -9.53
      objectReference: {fileID: 0}
    - target: {fileID: 4011935675103540, guid: 13d93703ab042bf4a8aec9be1826979c, type: 3}
      propertyPath: m_LocalRotation.x
      value: -0.7071068
      objectReference: {fileID: 0}
    - target: {fileID: 4011935675103540, guid: 13d93703ab042bf4a8aec9be1826979c, type: 3}
      propertyPath: m_LocalRotation.y
      value: -0
      objectReference: {fileID: 0}
    - target: {fileID: 4011935675103540, guid: 13d93703ab042bf4a8aec9be1826979c, type: 3}
      propertyPath: m_LocalRotation.z
      value: -0
      objectReference: {fileID: 0}
    - target: {fileID: 4011935675103540, guid: 13d93703ab042bf4a8aec9be1826979c, type: 3}
      propertyPath: m_LocalRotation.w
      value: 0.7071068
      objectReference: {fileID: 0}
    - target: {fileID: 4011935675103540, guid: 13d93703ab042bf4a8aec9be1826979c, type: 3}
      propertyPath: m_RootOrder
      value: 3
      objectReference: {fileID: 0}
    - target: {fileID: 4011935675103540, guid: 13d93703ab042bf4a8aec9be1826979c, type: 3}
      propertyPath: m_LocalEulerAnglesHint.x
      value: 0
      objectReference: {fileID: 0}
    - target: {fileID: 4011935675103540, guid: 13d93703ab042bf4a8aec9be1826979c, type: 3}
      propertyPath: m_LocalEulerAnglesHint.y
      value: 0
      objectReference: {fileID: 0}
    - target: {fileID: 4011935675103540, guid: 13d93703ab042bf4a8aec9be1826979c, type: 3}
      propertyPath: m_LocalEulerAnglesHint.z
      value: 0
      objectReference: {fileID: 0}
    - target: {fileID: 4011935675103540, guid: 13d93703ab042bf4a8aec9be1826979c, type: 3}
      propertyPath: m_LocalScale.x
      value: 18.314169
      objectReference: {fileID: 0}
    - target: {fileID: 4011935675103540, guid: 13d93703ab042bf4a8aec9be1826979c, type: 3}
      propertyPath: m_LocalScale.y
      value: 1.9136
      objectReference: {fileID: 0}
    - target: {fileID: 4011935675103540, guid: 13d93703ab042bf4a8aec9be1826979c, type: 3}
      propertyPath: m_LocalScale.z
      value: 1.9136
      objectReference: {fileID: 0}
    m_RemovedComponents: []
  m_SourcePrefab: {fileID: 100100000, guid: 13d93703ab042bf4a8aec9be1826979c, type: 3}
--- !u!4 &2037152537 stripped
Transform:
  m_CorrespondingSourceObject: {fileID: 4011935675103540, guid: 13d93703ab042bf4a8aec9be1826979c, type: 3}
  m_PrefabInstance: {fileID: 2037152536}
  m_PrefabAsset: {fileID: 0}
--- !u!1 &2046876828
GameObject:
  m_ObjectHideFlags: 0
  m_CorrespondingSourceObject: {fileID: 0}
  m_PrefabInstance: {fileID: 0}
  m_PrefabAsset: {fileID: 0}
  serializedVersion: 6
  m_Component:
  - component: {fileID: 2046876829}
  - component: {fileID: 2046876830}
  m_Layer: 8
  m_Name: Floors
  m_TagString: Untagged
  m_Icon: {fileID: 0}
  m_NavMeshLayer: 0
  m_StaticEditorFlags: 0
  m_IsActive: 1
--- !u!4 &2046876829
Transform:
  m_ObjectHideFlags: 0
  m_CorrespondingSourceObject: {fileID: 0}
  m_PrefabInstance: {fileID: 0}
  m_PrefabAsset: {fileID: 0}
  m_GameObject: {fileID: 2046876828}
  m_LocalRotation: {x: -0, y: -0, z: -0, w: 1}
  m_LocalPosition: {x: 0, y: 0, z: 0}
  m_LocalScale: {x: 1, y: 1, z: 1}
  m_Children:
  - {fileID: 364377901}
  - {fileID: 1637960144}
  m_Father: {fileID: 343287882}
  m_RootOrder: 0
  m_LocalEulerAnglesHint: {x: 0, y: 0, z: 0}
--- !u!114 &2046876830
MonoBehaviour:
  m_ObjectHideFlags: 0
  m_CorrespondingSourceObject: {fileID: 0}
  m_PrefabInstance: {fileID: 0}
  m_PrefabAsset: {fileID: 0}
  m_GameObject: {fileID: 2046876828}
  m_Enabled: 1
  m_EditorHideFlags: 0
  m_Script: {fileID: 11500000, guid: a582416e01fb08a4a89e736eb5983ca7, type: 3}
  m_Name: 
  m_EditorClassIdentifier: 
  Section: 1
--- !u!1 &2093486662 stripped
GameObject:
  m_CorrespondingSourceObject: {fileID: 8306638290402886875, guid: 67e7844c463820a4abe6428b48104a31, type: 3}
  m_PrefabInstance: {fileID: 8306638290347841181}
  m_PrefabAsset: {fileID: 0}
--- !u!114 &2093486665
MonoBehaviour:
  m_ObjectHideFlags: 3
  m_CorrespondingSourceObject: {fileID: 0}
  m_PrefabInstance: {fileID: 0}
  m_PrefabAsset: {fileID: 0}
  m_GameObject: {fileID: 2093486662}
  m_Enabled: 1
  m_EditorHideFlags: 0
  m_Script: {fileID: 11500000, guid: a4c41ac9245b87c4192012080077d830, type: 3}
  m_Name: 
  m_EditorClassIdentifier: 
  m_Damping: 0
--- !u!114 &2093486666
MonoBehaviour:
  m_ObjectHideFlags: 3
  m_CorrespondingSourceObject: {fileID: 0}
  m_PrefabInstance: {fileID: 0}
  m_PrefabAsset: {fileID: 0}
  m_GameObject: {fileID: 2093486662}
  m_Enabled: 1
  m_EditorHideFlags: 0
  m_Script: {fileID: 11500000, guid: bd6043bde05a7fc4cba197d06915c1e3, type: 3}
  m_Name: 
  m_EditorClassIdentifier: 
  Damping: {x: 0.1, y: 0.5, z: 0.3}
  ShoulderOffset: {x: 0.5, y: -0.4, z: 0}
  VerticalArmLength: 0.4
  CameraSide: 1
  CameraDistance: 2
  CameraCollisionFilter:
    serializedVersion: 2
    m_Bits: 1
  IgnoreTag: 
  CameraRadius: 0.2
--- !u!1 &2114098893
GameObject:
  m_ObjectHideFlags: 0
  m_CorrespondingSourceObject: {fileID: 0}
  m_PrefabInstance: {fileID: 0}
  m_PrefabAsset: {fileID: 0}
  serializedVersion: 6
  m_Component:
  - component: {fileID: 2114098895}
  - component: {fileID: 2114098894}
  m_Layer: 0
  m_Name: Point Light
  m_TagString: Untagged
  m_Icon: {fileID: 0}
  m_NavMeshLayer: 0
  m_StaticEditorFlags: 0
  m_IsActive: 1
--- !u!108 &2114098894
Light:
  m_ObjectHideFlags: 0
  m_CorrespondingSourceObject: {fileID: 0}
  m_PrefabInstance: {fileID: 0}
  m_PrefabAsset: {fileID: 0}
  m_GameObject: {fileID: 2114098893}
  m_Enabled: 1
  serializedVersion: 10
  m_Type: 0
  m_Shape: 0
  m_Color: {r: 1, g: 1, b: 1, a: 1}
  m_Intensity: 3.5
  m_Range: 58.78
  m_SpotAngle: 61.6
  m_InnerSpotAngle: 21.80208
  m_CookieSize: 10
  m_Shadows:
    m_Type: 0
    m_Resolution: -1
    m_CustomResolution: -1
    m_Strength: 1
    m_Bias: 0.05
    m_NormalBias: 0.4
    m_NearPlane: 0.2
    m_CullingMatrixOverride:
      e00: 1
      e01: 0
      e02: 0
      e03: 0
      e10: 0
      e11: 1
      e12: 0
      e13: 0
      e20: 0
      e21: 0
      e22: 1
      e23: 0
      e30: 0
      e31: 0
      e32: 0
      e33: 1
    m_UseCullingMatrixOverride: 0
  m_Cookie: {fileID: 0}
  m_DrawHalo: 0
  m_Flare: {fileID: 0}
  m_RenderMode: 0
  m_CullingMask:
    serializedVersion: 2
    m_Bits: 4294967295
  m_RenderingLayerMask: 1
  m_Lightmapping: 4
  m_LightShadowCasterMode: 0
  m_AreaSize: {x: 1, y: 1}
  m_BounceIntensity: 1
  m_ColorTemperature: 6570
  m_UseColorTemperature: 0
  m_BoundingSphereOverride: {x: 0, y: 0, z: 0, w: 0}
  m_UseBoundingSphereOverride: 0
  m_ShadowRadius: 0
  m_ShadowAngle: 0
--- !u!4 &2114098895
Transform:
  m_ObjectHideFlags: 0
  m_CorrespondingSourceObject: {fileID: 0}
  m_PrefabInstance: {fileID: 0}
  m_PrefabAsset: {fileID: 0}
  m_GameObject: {fileID: 2114098893}
  m_LocalRotation: {x: 0.6759777, y: 0.20749408, z: 0.20749398, w: 0.67597824}
  m_LocalPosition: {x: -29.4, y: 30.3, z: 9.3}
  m_LocalScale: {x: 1, y: 1, z: 1}
  m_Children: []
  m_Father: {fileID: 0}
  m_RootOrder: 7
  m_LocalEulerAnglesHint: {x: 55.872, y: 90, z: 90}
--- !u!1001 &3703507237438912929
PrefabInstance:
  m_ObjectHideFlags: 0
  serializedVersion: 2
  m_Modification:
    m_TransformParent: {fileID: 0}
    m_Modifications:
    - target: {fileID: 3703507236025880466, guid: 79eac1a38bdb1354ba0c2a9a5aa857b9, type: 3}
      propertyPath: m_Name
      value: Third Person Camera
      objectReference: {fileID: 0}
    - target: {fileID: 3703507236025880466, guid: 79eac1a38bdb1354ba0c2a9a5aa857b9, type: 3}
      propertyPath: m_IsActive
      value: 1
      objectReference: {fileID: 0}
    - target: {fileID: 3703507236025880468, guid: 79eac1a38bdb1354ba0c2a9a5aa857b9, type: 3}
      propertyPath: m_LocalPosition.x
      value: -23.04
      objectReference: {fileID: 0}
    - target: {fileID: 3703507236025880468, guid: 79eac1a38bdb1354ba0c2a9a5aa857b9, type: 3}
      propertyPath: m_LocalPosition.y
      value: 13.2
      objectReference: {fileID: 0}
    - target: {fileID: 3703507236025880468, guid: 79eac1a38bdb1354ba0c2a9a5aa857b9, type: 3}
      propertyPath: m_LocalPosition.z
      value: -17.42
      objectReference: {fileID: 0}
    - target: {fileID: 3703507236025880468, guid: 79eac1a38bdb1354ba0c2a9a5aa857b9, type: 3}
      propertyPath: m_LocalRotation.x
      value: -0
      objectReference: {fileID: 0}
    - target: {fileID: 3703507236025880468, guid: 79eac1a38bdb1354ba0c2a9a5aa857b9, type: 3}
      propertyPath: m_LocalRotation.y
      value: -0
      objectReference: {fileID: 0}
    - target: {fileID: 3703507236025880468, guid: 79eac1a38bdb1354ba0c2a9a5aa857b9, type: 3}
      propertyPath: m_LocalRotation.z
      value: -0
      objectReference: {fileID: 0}
    - target: {fileID: 3703507236025880468, guid: 79eac1a38bdb1354ba0c2a9a5aa857b9, type: 3}
      propertyPath: m_LocalRotation.w
      value: 1
      objectReference: {fileID: 0}
    - target: {fileID: 3703507236025880468, guid: 79eac1a38bdb1354ba0c2a9a5aa857b9, type: 3}
      propertyPath: m_RootOrder
      value: 5
      objectReference: {fileID: 0}
    - target: {fileID: 3703507236025880468, guid: 79eac1a38bdb1354ba0c2a9a5aa857b9, type: 3}
      propertyPath: m_LocalEulerAnglesHint.x
      value: 0
      objectReference: {fileID: 0}
    - target: {fileID: 3703507236025880468, guid: 79eac1a38bdb1354ba0c2a9a5aa857b9, type: 3}
      propertyPath: m_LocalEulerAnglesHint.y
      value: 0
      objectReference: {fileID: 0}
    - target: {fileID: 3703507236025880468, guid: 79eac1a38bdb1354ba0c2a9a5aa857b9, type: 3}
      propertyPath: m_LocalEulerAnglesHint.z
      value: 0
      objectReference: {fileID: 0}
    - target: {fileID: 3703507236025880469, guid: 79eac1a38bdb1354ba0c2a9a5aa857b9, type: 3}
      propertyPath: m_LookAt
      value: 
      objectReference: {fileID: 710528725}
    - target: {fileID: 3703507236025880469, guid: 79eac1a38bdb1354ba0c2a9a5aa857b9, type: 3}
      propertyPath: m_Follow
      value: 
      objectReference: {fileID: 710528725}
    - target: {fileID: 3703507236132634039, guid: 79eac1a38bdb1354ba0c2a9a5aa857b9, type: 3}
      propertyPath: m_LocalRotation.y
      value: -0.000000008501481
      objectReference: {fileID: 0}
    - target: {fileID: 3703507236132634039, guid: 79eac1a38bdb1354ba0c2a9a5aa857b9, type: 3}
      propertyPath: m_LocalRotation.z
      value: 0.0000000013189826
      objectReference: {fileID: 0}
    - target: {fileID: 3703507236132634039, guid: 79eac1a38bdb1354ba0c2a9a5aa857b9, type: 3}
      propertyPath: m_LocalRotation.x
      value: 0.15331319
      objectReference: {fileID: 0}
    - target: {fileID: 3703507236132634039, guid: 79eac1a38bdb1354ba0c2a9a5aa857b9, type: 3}
      propertyPath: m_LocalPosition.y
      value: 0
      objectReference: {fileID: 0}
    - target: {fileID: 3703507236132634039, guid: 79eac1a38bdb1354ba0c2a9a5aa857b9, type: 3}
      propertyPath: m_LocalPosition.z
      value: 0
      objectReference: {fileID: 0}
    - target: {fileID: 3703507236132634039, guid: 79eac1a38bdb1354ba0c2a9a5aa857b9, type: 3}
      propertyPath: m_LocalRotation.w
      value: 0.98817766
      objectReference: {fileID: 0}
    - target: {fileID: 3703507236365900690, guid: 79eac1a38bdb1354ba0c2a9a5aa857b9, type: 3}
      propertyPath: m_LocalRotation.x
      value: 0.17121494
      objectReference: {fileID: 0}
    - target: {fileID: 3703507236365900690, guid: 79eac1a38bdb1354ba0c2a9a5aa857b9, type: 3}
      propertyPath: m_LocalRotation.y
      value: 1e-45
      objectReference: {fileID: 0}
    - target: {fileID: 3703507236365900690, guid: 79eac1a38bdb1354ba0c2a9a5aa857b9, type: 3}
      propertyPath: m_LocalRotation.z
      value: -0
      objectReference: {fileID: 0}
    - target: {fileID: 3703507236365900690, guid: 79eac1a38bdb1354ba0c2a9a5aa857b9, type: 3}
      propertyPath: m_LocalPosition.y
      value: 0
      objectReference: {fileID: 0}
    - target: {fileID: 3703507236365900690, guid: 79eac1a38bdb1354ba0c2a9a5aa857b9, type: 3}
      propertyPath: m_LocalPosition.z
      value: 0
      objectReference: {fileID: 0}
    - target: {fileID: 3703507236365900690, guid: 79eac1a38bdb1354ba0c2a9a5aa857b9, type: 3}
      propertyPath: m_LocalRotation.w
      value: 0.9852337
      objectReference: {fileID: 0}
    - target: {fileID: 3703507236504898524, guid: 79eac1a38bdb1354ba0c2a9a5aa857b9, type: 3}
      propertyPath: m_LocalRotation.y
      value: -0.000000008447955
      objectReference: {fileID: 0}
    - target: {fileID: 3703507236504898524, guid: 79eac1a38bdb1354ba0c2a9a5aa857b9, type: 3}
      propertyPath: m_LocalRotation.z
      value: 0.0000000016269276
      objectReference: {fileID: 0}
    - target: {fileID: 3703507236504898524, guid: 79eac1a38bdb1354ba0c2a9a5aa857b9, type: 3}
      propertyPath: m_LocalRotation.x
      value: 0.18910751
      objectReference: {fileID: 0}
    - target: {fileID: 3703507236504898524, guid: 79eac1a38bdb1354ba0c2a9a5aa857b9, type: 3}
      propertyPath: m_LocalRotation.w
      value: 0.9819564
      objectReference: {fileID: 0}
    - target: {fileID: 3703507236504898524, guid: 79eac1a38bdb1354ba0c2a9a5aa857b9, type: 3}
      propertyPath: m_LocalPosition.y
      value: 0
      objectReference: {fileID: 0}
    - target: {fileID: 3703507236504898524, guid: 79eac1a38bdb1354ba0c2a9a5aa857b9, type: 3}
      propertyPath: m_LocalPosition.z
      value: 0
      objectReference: {fileID: 0}
    - target: {fileID: 3703507236504898524, guid: 79eac1a38bdb1354ba0c2a9a5aa857b9, type: 3}
      propertyPath: m_LocalPosition.x
      value: 0
      objectReference: {fileID: 0}
    m_RemovedComponents: []
  m_SourcePrefab: {fileID: 100100000, guid: 79eac1a38bdb1354ba0c2a9a5aa857b9, type: 3}
--- !u!1001 &6444465400483714116
PrefabInstance:
  m_ObjectHideFlags: 0
  serializedVersion: 2
  m_Modification:
    m_TransformParent: {fileID: 0}
    m_Modifications:
    - target: {fileID: 710528717, guid: fafb49c8e1490b140b52db855b2b3815, type: 3}
      propertyPath: ThirdPersonCamera
      value: 
      objectReference: {fileID: 1422603827}
    - target: {fileID: 710528717, guid: fafb49c8e1490b140b52db855b2b3815, type: 3}
      propertyPath: AimingCameara
      value: 
      objectReference: {fileID: 777066604}
    - target: {fileID: 242737531164275416, guid: fafb49c8e1490b140b52db855b2b3815, type: 3}
      propertyPath: m_LocalRotation.x
      value: 0.17121495
      objectReference: {fileID: 0}
    - target: {fileID: 242737531164275416, guid: fafb49c8e1490b140b52db855b2b3815, type: 3}
      propertyPath: m_LocalRotation.y
      value: -0
      objectReference: {fileID: 0}
    - target: {fileID: 242737531164275416, guid: fafb49c8e1490b140b52db855b2b3815, type: 3}
      propertyPath: m_LocalRotation.z
      value: -0
      objectReference: {fileID: 0}
    - target: {fileID: 242737531164275416, guid: fafb49c8e1490b140b52db855b2b3815, type: 3}
      propertyPath: m_LocalRotation.w
      value: 0.9852337
      objectReference: {fileID: 0}
    - target: {fileID: 242737531164275416, guid: fafb49c8e1490b140b52db855b2b3815, type: 3}
      propertyPath: m_LocalPosition.x
      value: 0
      objectReference: {fileID: 0}
    - target: {fileID: 242737531164275416, guid: fafb49c8e1490b140b52db855b2b3815, type: 3}
      propertyPath: m_LocalPosition.y
      value: 2
      objectReference: {fileID: 0}
    - target: {fileID: 242737531164275416, guid: fafb49c8e1490b140b52db855b2b3815, type: 3}
      propertyPath: m_LocalPosition.z
      value: -5
      objectReference: {fileID: 0}
    - target: {fileID: 1241766785542979688, guid: fafb49c8e1490b140b52db855b2b3815, type: 3}
      propertyPath: field of view
      value: 40
      objectReference: {fileID: 0}
    - target: {fileID: 2856971178847150444, guid: fafb49c8e1490b140b52db855b2b3815, type: 3}
      propertyPath: m_Name
      value: Player
      objectReference: {fileID: 0}
    - target: {fileID: 3237473002065427414, guid: fafb49c8e1490b140b52db855b2b3815, type: 3}
      propertyPath: m_LocalPosition.x
      value: -23.04
      objectReference: {fileID: 0}
    - target: {fileID: 3237473002065427414, guid: fafb49c8e1490b140b52db855b2b3815, type: 3}
      propertyPath: m_LocalPosition.y
      value: 11.2
      objectReference: {fileID: 0}
    - target: {fileID: 3237473002065427414, guid: fafb49c8e1490b140b52db855b2b3815, type: 3}
      propertyPath: m_LocalPosition.z
      value: -12.42
      objectReference: {fileID: 0}
    - target: {fileID: 3237473002065427414, guid: fafb49c8e1490b140b52db855b2b3815, type: 3}
      propertyPath: m_LocalRotation.x
      value: 0
      objectReference: {fileID: 0}
    - target: {fileID: 3237473002065427414, guid: fafb49c8e1490b140b52db855b2b3815, type: 3}
      propertyPath: m_LocalRotation.y
      value: 0
      objectReference: {fileID: 0}
    - target: {fileID: 3237473002065427414, guid: fafb49c8e1490b140b52db855b2b3815, type: 3}
      propertyPath: m_LocalRotation.z
      value: 0
      objectReference: {fileID: 0}
    - target: {fileID: 3237473002065427414, guid: fafb49c8e1490b140b52db855b2b3815, type: 3}
      propertyPath: m_LocalRotation.w
      value: 1
      objectReference: {fileID: 0}
    - target: {fileID: 3237473002065427414, guid: fafb49c8e1490b140b52db855b2b3815, type: 3}
      propertyPath: m_RootOrder
      value: 4
      objectReference: {fileID: 0}
    - target: {fileID: 3237473002065427414, guid: fafb49c8e1490b140b52db855b2b3815, type: 3}
      propertyPath: m_LocalEulerAnglesHint.x
      value: 0
      objectReference: {fileID: 0}
    - target: {fileID: 3237473002065427414, guid: fafb49c8e1490b140b52db855b2b3815, type: 3}
      propertyPath: m_LocalEulerAnglesHint.y
      value: 0
      objectReference: {fileID: 0}
    - target: {fileID: 3237473002065427414, guid: fafb49c8e1490b140b52db855b2b3815, type: 3}
      propertyPath: m_LocalEulerAnglesHint.z
      value: 0
      objectReference: {fileID: 0}
    - target: {fileID: 3988084314920417892, guid: fafb49c8e1490b140b52db855b2b3815, type: 3}
      propertyPath: m_Constraints
      value: 112
      objectReference: {fileID: 0}
    m_RemovedComponents: []
  m_SourcePrefab: {fileID: 100100000, guid: fafb49c8e1490b140b52db855b2b3815, type: 3}
--- !u!4 &6444465400483714117 stripped
Transform:
  m_CorrespondingSourceObject: {fileID: 1840690068768329041, guid: fafb49c8e1490b140b52db855b2b3815, type: 3}
  m_PrefabInstance: {fileID: 6444465400483714116}
  m_PrefabAsset: {fileID: 0}
--- !u!1001 &8306638290347841181
PrefabInstance:
  m_ObjectHideFlags: 0
  serializedVersion: 2
  m_Modification:
    m_TransformParent: {fileID: 0}
    m_Modifications:
    - target: {fileID: 8306638289327024832, guid: 67e7844c463820a4abe6428b48104a31, type: 3}
      propertyPath: m_LocalPosition.x
      value: -0.5
      objectReference: {fileID: 0}
    - target: {fileID: 8306638289327024832, guid: 67e7844c463820a4abe6428b48104a31, type: 3}
      propertyPath: m_LocalPosition.y
      value: 0.5
      objectReference: {fileID: 0}
    - target: {fileID: 8306638289327024832, guid: 67e7844c463820a4abe6428b48104a31, type: 3}
      propertyPath: m_LocalPosition.z
      value: 0
      objectReference: {fileID: 0}
    - target: {fileID: 8306638289581977568, guid: 67e7844c463820a4abe6428b48104a31, type: 3}
      propertyPath: m_LocalPosition.x
      value: -0.5
      objectReference: {fileID: 0}
    - target: {fileID: 8306638289581977568, guid: 67e7844c463820a4abe6428b48104a31, type: 3}
      propertyPath: m_LocalPosition.y
      value: 0.5
      objectReference: {fileID: 0}
    - target: {fileID: 8306638289581977568, guid: 67e7844c463820a4abe6428b48104a31, type: 3}
      propertyPath: m_LocalPosition.z
      value: 0
      objectReference: {fileID: 0}
    - target: {fileID: 8306638289637887728, guid: 67e7844c463820a4abe6428b48104a31, type: 3}
      propertyPath: m_Follow
      value: 
      objectReference: {fileID: 6444465400483714117}
    - target: {fileID: 8306638289637887729, guid: 67e7844c463820a4abe6428b48104a31, type: 3}
      propertyPath: m_Name
      value: Aim Camera
      objectReference: {fileID: 0}
    - target: {fileID: 8306638289637887729, guid: 67e7844c463820a4abe6428b48104a31, type: 3}
      propertyPath: m_IsActive
      value: 1
      objectReference: {fileID: 0}
    - target: {fileID: 8306638289637887730, guid: 67e7844c463820a4abe6428b48104a31, type: 3}
      propertyPath: followTransform
      value: 
      objectReference: {fileID: 1584809442}
    - target: {fileID: 8306638289637887730, guid: 67e7844c463820a4abe6428b48104a31, type: 3}
      propertyPath: player
      value: 
      objectReference: {fileID: 710528716}
    - target: {fileID: 8306638289637887731, guid: 67e7844c463820a4abe6428b48104a31, type: 3}
      propertyPath: m_LocalPosition.x
      value: -22.408
      objectReference: {fileID: 0}
    - target: {fileID: 8306638289637887731, guid: 67e7844c463820a4abe6428b48104a31, type: 3}
      propertyPath: m_LocalPosition.y
      value: 11.712999
      objectReference: {fileID: 0}
    - target: {fileID: 8306638289637887731, guid: 67e7844c463820a4abe6428b48104a31, type: 3}
      propertyPath: m_LocalPosition.z
      value: -14.42
      objectReference: {fileID: 0}
    - target: {fileID: 8306638289637887731, guid: 67e7844c463820a4abe6428b48104a31, type: 3}
      propertyPath: m_LocalRotation.x
      value: -0
      objectReference: {fileID: 0}
    - target: {fileID: 8306638289637887731, guid: 67e7844c463820a4abe6428b48104a31, type: 3}
      propertyPath: m_LocalRotation.y
      value: -0
      objectReference: {fileID: 0}
    - target: {fileID: 8306638289637887731, guid: 67e7844c463820a4abe6428b48104a31, type: 3}
      propertyPath: m_LocalRotation.z
      value: -0
      objectReference: {fileID: 0}
    - target: {fileID: 8306638289637887731, guid: 67e7844c463820a4abe6428b48104a31, type: 3}
      propertyPath: m_LocalRotation.w
      value: 1
      objectReference: {fileID: 0}
    - target: {fileID: 8306638289637887731, guid: 67e7844c463820a4abe6428b48104a31, type: 3}
      propertyPath: m_RootOrder
      value: 6
      objectReference: {fileID: 0}
    - target: {fileID: 8306638289637887731, guid: 67e7844c463820a4abe6428b48104a31, type: 3}
      propertyPath: m_LocalEulerAnglesHint.x
      value: 0
      objectReference: {fileID: 0}
    - target: {fileID: 8306638289637887731, guid: 67e7844c463820a4abe6428b48104a31, type: 3}
      propertyPath: m_LocalEulerAnglesHint.y
      value: 0
      objectReference: {fileID: 0}
    - target: {fileID: 8306638289637887731, guid: 67e7844c463820a4abe6428b48104a31, type: 3}
      propertyPath: m_LocalEulerAnglesHint.z
      value: 0
      objectReference: {fileID: 0}
    - target: {fileID: 8306638290706787541, guid: 67e7844c463820a4abe6428b48104a31, type: 3}
      propertyPath: m_LocalPosition.x
      value: -0.5
      objectReference: {fileID: 0}
    - target: {fileID: 8306638290706787541, guid: 67e7844c463820a4abe6428b48104a31, type: 3}
      propertyPath: m_LocalPosition.y
      value: 0.5
      objectReference: {fileID: 0}
    - target: {fileID: 8306638290706787541, guid: 67e7844c463820a4abe6428b48104a31, type: 3}
      propertyPath: m_LocalPosition.z
      value: 0
      objectReference: {fileID: 0}
    m_RemovedComponents:
    - {fileID: 8306638290402886868, guid: 67e7844c463820a4abe6428b48104a31, type: 3}
    - {fileID: 8306638290402886871, guid: 67e7844c463820a4abe6428b48104a31, type: 3}
  m_SourcePrefab: {fileID: 100100000, guid: 67e7844c463820a4abe6428b48104a31, type: 3}
